<record><header><identifier>oai:alma.41SLSP_UGE:991000000519705502</identifier><datestamp>2024-06-28T00:08:39Z</datestamp><setSpec>uge_bcen_RapidILL_BOOK</setSpec><setSpec>uge_aaca_RapidILL_BOOK</setSpec><setSpec>uge_abels_RapidILL_BOOK</setSpec><setSpec>uge_dbu_RapidILL_BOOK</setSpec><setSpec>uge_cmu_RapidILL_BOOK</setSpec><setSpec>uge_mail_RapidILL_BOOK</setSpec><setSpec>uge_abbat_RapidILL_BOOK</setSpec><setSpec>UNIGE_ALL</setSpec><setSpec>uge_aobs_RapidILL_BOOK</setSpec><setSpec>uge_acar_RapidILL_BOOK</setSpec></header><metadata>
<record xmlns="http://www.loc.gov/MARC21/slim" xmlns:xsi="http://www.w3.org/2001/XMLSchema-instance" xsi:schemaLocation="http://www.loc.gov/MARC21/slim http://www.loc.gov/standards/marcxml/schema/MARC21slim.xsd"><leader>01580nam a22003252c 4500</leader><controlfield tag="001">991000000519705502</controlfield><controlfield tag="005">20240322003640.0</controlfield><controlfield tag="008">171213s1550    gw ||||| |||| 00| ||ger d</controlfield><datafield ind1=" " ind2=" " tag="035"><subfield code="a">(swissbib)124426018-41slsp_network</subfield></datafield><datafield ind1=" " ind2=" " tag="035"><subfield code="a">124426018</subfield><subfield code="9">ExL</subfield></datafield><datafield ind1=" " ind2=" " tag="035"><subfield code="a">(RERO)R008743689-41slsp</subfield></datafield><datafield ind1=" " ind2=" " tag="035"><subfield code="a">(EXLNZ-41SLSP_NETWORK)991033397729705501</subfield></datafield><datafield ind1=" " ind2=" " tag="040"><subfield code="a">EMT</subfield><subfield code="b">eng</subfield><subfield code="d">CH-ZuSLS</subfield></datafield><datafield ind1=" " ind2="7" tag="072"><subfield code="a">zz</subfield><subfield code="2">rero</subfield></datafield><datafield ind1="1" ind2=" " tag="100"><subfield code="a">Westphal, Joachim</subfield><subfield code="d">1510-1574</subfield><subfield code="0">(IDREF)095166114</subfield><subfield code="4">cre</subfield></datafield><datafield ind1="1" ind2="0" tag="245"><subfield code="a">Zwo Schrifften M. Joachimi Westphali, Pfarherrn zu Hamburg</subfield><subfield code="b">In der ersten wird mit bestendigem grunde beweiset, das die jenigen, so der itzigen verenderung inn der Lehr und Caeremonien widderstehen, nicht umb geringe unntige ding zancken : inn der andern wird klerlich beweiset, das die Stiffter uñ Angeber der Gesetz, von vernewerung der Lehr, und auffrichtung der falschen Mittelding, dem Antichrist hofieren ... Verdeudscht ...</subfield><subfield code="c">Joachim Westphal</subfield></datafield><datafield ind1=" " ind2="1" tag="264"><subfield code="a">Gedruckt zu Madgeburg</subfield><subfield code="b">Durch Christian Rödinger</subfield><subfield code="c">1550</subfield></datafield><datafield ind1=" " ind2=" " tag="300"><subfield code="a">[20] f.</subfield><subfield code="c">4°</subfield></datafield><datafield ind1=" " ind2=" " tag="336"><subfield code="b">txt</subfield><subfield code="2">rdacontent</subfield></datafield><datafield ind1=" " ind2=" " tag="337"><subfield code="b">n</subfield><subfield code="2">rdamedia</subfield></datafield><datafield ind1=" " ind2=" " tag="338"><subfield code="b">nc</subfield><subfield code="2">rdacarrier</subfield></datafield><datafield ind1=" " ind2=" " tag="500"><subfield code="a">Signatures: A-E⁴</subfield></datafield><datafield ind1="4" ind2=" " tag="510"><subfield code="a">VD 16 W 2307</subfield></datafield><datafield ind1=" " ind2="0" tag="650"><subfield code="a">Adiaphora</subfield><subfield code="v">Early works to 1800</subfield></datafield><datafield ind1=" " ind2="0" tag="650"><subfield code="a">Lutheran Church</subfield><subfield code="x">Doctrines</subfield></datafield><datafield ind1=" " ind2="0" tag="650"><subfield code="a">Rites and ceremonies</subfield><subfield code="v">Early works to 1800</subfield></datafield><datafield ind1="1" ind2=" " tag="700"><subfield code="a">Rödinger, Christian</subfield><subfield code="d">15..-1557</subfield><subfield code="0">(IDREF)179971395</subfield><subfield code="4">prt</subfield></datafield><datafield ind1=" " ind2=" " tag="751"><subfield code="a">Magdebourg (Allemagne)</subfield><subfield code="4">pup</subfield><subfield code="0">(IDREF)027455912</subfield></datafield><datafield ind1="4" ind2="1" tag="856"><subfield code="u">http://reader.digitale-sammlungen.de/de/fs1/object/display/bsb10992809_00003.html</subfield></datafield><datafield ind1=" " ind2=" " tag="900"><subfield code="a">REROswissbibnomerge</subfield></datafield><datafield ind1=" " ind2=" " tag="910"><subfield code="a">OCoLC</subfield><subfield code="b">20171213</subfield><subfield code="c">Droits réservés</subfield></datafield><datafield ind1=" " ind2=" " tag="993"><subfield code="a">MHR K Wes 1</subfield><subfield code="x">ge/mhr-/6470</subfield><subfield code="9">LOCAL</subfield></datafield></record>
</metadata></record>