<record><header><identifier>oai:alma.41SLSP_UGE:991000000209705502</identifier><datestamp>2024-09-28T00:29:41Z</datestamp><setSpec>uge_bcen_RapidILL_BOOK</setSpec><setSpec>uge_aaca_RapidILL_BOOK</setSpec><setSpec>uge_abels_RapidILL_BOOK</setSpec><setSpec>uge_dbu_RapidILL_BOOK</setSpec><setSpec>uge_cmu_RapidILL_BOOK</setSpec><setSpec>uge_mail_RapidILL_BOOK</setSpec><setSpec>uge_abbat_RapidILL_BOOK</setSpec><setSpec>UNIGE_ALL</setSpec><setSpec>uge_aobs_RapidILL_BOOK</setSpec><setSpec>uge_acar_RapidILL_BOOK</setSpec></header><metadata>
<record xmlns="http://www.loc.gov/MARC21/slim" xmlns:xsi="http://www.w3.org/2001/XMLSchema-instance" xsi:schemaLocation="http://www.loc.gov/MARC21/slim http://www.loc.gov/standards/marcxml/schema/MARC21slim.xsd"><leader>01367nam a2200361uc 4500</leader><controlfield tag="001">991000000209705502</controlfield><controlfield tag="005">20240927192416.0</controlfield><controlfield tag="008">190919s2018    it a          000 0 ita d</controlfield><datafield ind1=" " ind2=" " tag="020"><subfield code="a">8885800084</subfield></datafield><datafield ind1=" " ind2=" " tag="020"><subfield code="a">9788885800083</subfield></datafield><datafield ind1=" " ind2=" " tag="035"><subfield code="a">(swissbib)125954026-41slsp_network</subfield></datafield><datafield ind1=" " ind2=" " tag="035"><subfield code="a">125954026</subfield><subfield code="9">ExL</subfield></datafield><datafield ind1=" " ind2=" " tag="035"><subfield code="a">(RERO)R008964156-41slsp</subfield></datafield><datafield ind1=" " ind2=" " tag="035"><subfield code="a">(EXLNZ-41SLSP_NETWORK)991046479239705501</subfield></datafield><datafield ind1=" " ind2=" " tag="040"><subfield code="a">DEBBG</subfield><subfield code="b">ger</subfield><subfield code="e">rda</subfield><subfield code="d">CH-ZuSLS UZB UJUD</subfield></datafield><datafield ind1=" " ind2="7" tag="072"><subfield code="a">it</subfield><subfield code="2">rero</subfield></datafield><datafield ind1="1" ind2="4" tag="082"><subfield code="a">851</subfield><subfield code="2">14</subfield></datafield><datafield ind1="1" ind2=" " tag="100"><subfield code="a">Blasio, Maria Grazia</subfield><subfield code="0">(IDREF)056811918</subfield><subfield code="4">aut</subfield></datafield><datafield ind1="1" ind2="0" tag="245"><subfield code="a">&lt;&lt;Il&gt;&gt; libro dell'Aquila sec. XIV</subfield><subfield code="b">cultura dantesca in area romano-laziale</subfield><subfield code="c">Maria Grazia Blasio, Giulio Vaccaro</subfield></datafield><datafield ind1=" " ind2="1" tag="264"><subfield code="a">Roma</subfield><subfield code="b">Roma nel Rinascimento</subfield><subfield code="c">2018</subfield></datafield><datafield ind1=" " ind2=" " tag="300"><subfield code="a">xvi, 159 Seiten</subfield><subfield code="b">Illustrationen</subfield><subfield code="c">24 cm</subfield></datafield><datafield ind1=" " ind2=" " tag="336"><subfield code="b">txt</subfield><subfield code="2">rdacontent</subfield></datafield><datafield ind1=" " ind2=" " tag="337"><subfield code="b">n</subfield><subfield code="2">rdamedia</subfield></datafield><datafield ind1=" " ind2=" " tag="338"><subfield code="b">nc</subfield><subfield code="2">rdacarrier</subfield></datafield><datafield ind1="1" ind2=" " tag="490"><subfield code="a">RR inedita</subfield><subfield code="v">80</subfield></datafield><datafield ind1=" " ind2=" " tag="500"><subfield code="a">Variantes du titre anonyme: Aquila ou Aquileida ou Aquila volante</subfield></datafield><datafield ind1=" " ind2=" " tag="504"><subfield code="a">Includes bibliographical references and indexes</subfield></datafield><datafield ind1=" " ind2="7" tag="650"><subfield code="a">Mundart Toskanisch</subfield><subfield code="g">Rom</subfield><subfield code="2">gnd</subfield><subfield code="0">(DE-588)4202780-9</subfield></datafield><datafield ind1="0" ind2="7" tag="630"><subfield code="a">Libro dell'Aquila</subfield><subfield code="0">(RERO)A028468951</subfield><subfield code="2">rero</subfield></datafield><datafield ind1="1" ind2=" " tag="700"><subfield code="a">Vaccaro, Giulio</subfield><subfield code="d">1980-....</subfield><subfield code="0">(IDREF)19173764X</subfield><subfield code="4">aui</subfield></datafield><datafield ind1="0" ind2=" " tag="730"><subfield code="a">&lt;&lt;Aqu&gt;&gt;ila volante</subfield></datafield><datafield ind1=" " ind2="0" tag="830"><subfield code="a">RR inedita</subfield><subfield code="v">80</subfield><subfield code="w">(RERO)1087472-41slsp</subfield></datafield><datafield ind1=" " ind2=" " tag="900"><subfield code="a">REROnoselfmerge</subfield></datafield><datafield ind1=" " ind2=" " tag="910"><subfield code="a">OCoLC</subfield><subfield code="b">20190919</subfield><subfield code="c">Réutilisation sous conditions: Licence ODC-BY</subfield></datafield><datafield ind1=" " ind2=" " tag="993"><subfield code="a">BFLA 293669</subfield><subfield code="x">ge/ulit/a/19/392</subfield><subfield code="9">LOCAL</subfield></datafield></record>
</metadata></record>