<record><header><identifier>oai:alma.41SLSP_UGE:991000000319705502</identifier><datestamp>2023-03-01T01:08:50Z</datestamp><setSpec>uge_cmu_RapidILL_JOURNAL</setSpec><setSpec>uge_aobs_RapidILL_JOURNAL</setSpec><setSpec>uge_aaca_RapidILL_JOURNAL</setSpec><setSpec>uge_bcen_RapidILL_JOURNAL</setSpec><setSpec>uge_abbat_RapidILL_JOURNAL</setSpec><setSpec>uge_mail_RapidILL_JOURNAL</setSpec><setSpec>uge_dbu_RapidILL_JOURNAL</setSpec><setSpec>UNIGE_ALL</setSpec><setSpec>uge_abels_RapidILL_JOURNAL</setSpec><setSpec>uge_acar_RapidILL_JOURNAL</setSpec></header><metadata>
<record xmlns="http://www.loc.gov/MARC21/slim" xmlns:xsi="http://www.w3.org/2001/XMLSchema-instance" xsi:schemaLocation="http://www.loc.gov/MARC21/slim http://www.loc.gov/standards/marcxml/schema/MARC21slim.xsd"><leader>02276nas a2200445 c 4500</leader><controlfield tag="001">991000000319705502</controlfield><controlfield tag="005">20201126033316.0</controlfield><controlfield tag="008">050408c20049999lu || p|  ||| 0    0fre d</controlfield><datafield ind1=" " ind2=" " tag="022"><subfield code="a">1725-4744</subfield></datafield><datafield ind1=" " ind2=" " tag="022"><subfield code="a">1562-8582</subfield></datafield><datafield ind1=" " ind2=" " tag="035"><subfield code="a">(swissbib)101779712-41slsp_network</subfield></datafield><datafield ind1=" " ind2=" " tag="035"><subfield code="a">101779712</subfield><subfield code="9">ExL</subfield></datafield><datafield ind1=" " ind2=" " tag="035"><subfield code="a">(RERO)R003819679-41slsp</subfield></datafield><datafield ind1=" " ind2=" " tag="035"><subfield code="a">(EXLNZ-41SLSP_NETWORK)991077245729705501</subfield></datafield><datafield ind1=" " ind2=" " tag="040"><subfield code="a">RERO laisdc</subfield><subfield code="d">CH-ZuSLS</subfield></datafield><datafield ind1=" " ind2="7" tag="072"><subfield code="a">ss</subfield><subfield code="2">rero</subfield></datafield><datafield ind1=" " ind2=" " tag="084"><subfield code="a">FA 56.3 c</subfield><subfield code="2">cjurrom</subfield></datafield><datafield ind1="0" ind2="0" tag="245"><subfield code="a">Rapport sur l'égalité entre les femmes et les hommes ...</subfield><subfield code="c">Commission européenne, Direction générale de l'emploi, des affaire sociales et de l'égalité des chances, Unité G.1</subfield></datafield><datafield ind1="1" ind2=" " tag="246"><subfield code="a">Rapport annuel / Egalité entre les femmes et les hommes</subfield></datafield><datafield ind1="1" ind2=" " tag="246"><subfield code="a">Rapport / Egalité entre les femmes et les hommes</subfield></datafield><datafield ind1=" " ind2="1" tag="264"><subfield code="a">Luxembourg</subfield><subfield code="b">Office des publications officielles des Communautés européennes</subfield><subfield code="c">2004-</subfield></datafield><datafield ind1=" " ind2=" " tag="300"><subfield code="c">30 cm</subfield></datafield><datafield ind1=" " ind2=" " tag="310"><subfield code="a">Annuel</subfield></datafield><datafield ind1=" " ind2=" " tag="336"><subfield code="b">txt</subfield><subfield code="2">rdacontent</subfield></datafield><datafield ind1=" " ind2=" " tag="337"><subfield code="b">n</subfield><subfield code="2">rdamedia</subfield></datafield><datafield ind1=" " ind2=" " tag="338"><subfield code="b">nc</subfield><subfield code="2">rdacarrier</subfield></datafield><datafield ind1="0" ind2=" " tag="362"><subfield code="a">2004-</subfield></datafield><datafield ind1="1" ind2=" " tag="490"><subfield code="a">Emploi &amp; affaires sociales</subfield></datafield><datafield ind1="1" ind2=" " tag="490"><subfield code="a">Egalité entre femmes et hommes</subfield></datafield><datafield ind1=" " ind2=" " tag="500"><subfield code="a">Variantes de titre: Rapport annuel / Egalité entre les femmes et les hommes. Et: Rapport / Egalité entre les femmes et les hommes</subfield></datafield><datafield ind1=" " ind2=" " tag="500"><subfield code="a">L'éd. 2010 porte comme titre: &quot;Avancer sur la voie de l'égalité entre les femmes et les hommes : rapport annuel 2010&quot;</subfield></datafield><datafield ind1=" " ind2=" " tag="580"><subfield code="a">Fait suite à: L'égalité des chances pour les femmes et les hommes dans l'Union européenne : rapport annuel ...</subfield></datafield><datafield ind1=" " ind2=" " tag="580"><subfield code="a">Ed. anglaise: Report on equality between women and men ...</subfield></datafield><datafield ind1="2" ind2=" " tag="710"><subfield code="a">Union européenne</subfield><subfield code="b">Egalité entre les femmes et les hommes</subfield><subfield code="0">(RERO)A008777053</subfield></datafield><datafield ind1="2" ind2=" " tag="710"><subfield code="a">Commission européenne</subfield><subfield code="b">Direction générale de l'emploi et des affaires sociales</subfield><subfield code="0">(IDREF)050816845</subfield></datafield><datafield ind1="0" ind2="0" tag="780"><subfield code="t">Egalité des chances pour les femmes et les hommes dans l'Union européenne : rapport annuel</subfield><subfield code="w">(RERO)R220640660-41slsp</subfield></datafield><datafield ind1="0" ind2=" " tag="775"><subfield code="t">Report on equality between women and men</subfield></datafield><datafield ind1="4" ind2=" " tag="856"><subfield code="u">http://europa.eu/legislation_summaries/employment_and_social_policy/equality_between_men_and_women/index_fr.htm</subfield></datafield><datafield ind1=" " ind2=" " tag="830"><subfield code="a">Emploi et affaires sociales</subfield><subfield code="w">(RERO)R217916360-41slsp</subfield></datafield><datafield ind1=" " ind2=" " tag="830"><subfield code="a">Egalité entre femmes et hommes</subfield><subfield code="w">(RERO)R003830416-41slsp</subfield></datafield><datafield ind1=" " ind2=" " tag="900"><subfield code="a">REROnoselfmerge</subfield></datafield></record>
</metadata></record>