<record><header><identifier>oai:alma.41SLSP_UGE:991000000089705502</identifier><datestamp>2023-03-01T01:08:50Z</datestamp><setSpec>uge_bcen_RapidILL_BOOK</setSpec><setSpec>uge_aaca_RapidILL_BOOK</setSpec><setSpec>uge_abels_RapidILL_BOOK</setSpec><setSpec>uge_dbu_RapidILL_BOOK</setSpec><setSpec>uge_cmu_RapidILL_BOOK</setSpec><setSpec>uge_mail_RapidILL_BOOK</setSpec><setSpec>UNIGE_ALL</setSpec><setSpec>uge_abbat_RapidILL_BOOK</setSpec><setSpec>uge_aobs_RapidILL_BOOK</setSpec><setSpec>uge_acar_RapidILL_BOOK</setSpec></header><metadata>
<record xmlns="http://www.loc.gov/MARC21/slim" xmlns:xsi="http://www.w3.org/2001/XMLSchema-instance" xsi:schemaLocation="http://www.loc.gov/MARC21/slim http://www.loc.gov/standards/marcxml/schema/MARC21slim.xsd"><leader>01227nam a22002537c 4500</leader><controlfield tag="001">991000000089705502</controlfield><controlfield tag="005">20201222204736.0</controlfield><controlfield tag="008">111011s1963    gr ||||| |||| 00| ||grc d</controlfield><datafield ind1=" " ind2=" " tag="035"><subfield code="a">(swissbib)114743509-41slsp_network</subfield></datafield><datafield ind1=" " ind2=" " tag="035"><subfield code="a">114743509</subfield><subfield code="9">ExL</subfield></datafield><datafield ind1=" " ind2=" " tag="035"><subfield code="a">(RERO)R006310149-41slsp</subfield></datafield><datafield ind1=" " ind2=" " tag="035"><subfield code="a">(EXLNZ-41SLSP_NETWORK)991060827459705501</subfield></datafield><datafield ind1=" " ind2=" " tag="040"><subfield code="a">RERO gefoha</subfield><subfield code="d">CH-ZuSLS</subfield></datafield><datafield ind1=" " ind2="7" tag="072"><subfield code="a">gr</subfield><subfield code="2">rero</subfield></datafield><datafield ind1="1" ind2=" " tag="100"><subfield code="a">Vourveris, Konst. J.</subfield><subfield code="0">(RERO)A021922276</subfield><subfield code="4">cre</subfield></datafield><datafield ind1="1" ind2="0" tag="245"><subfield code="a">Sophokleous Philoktētēs</subfield><subfield code="b">anthrōpistikē hermēneia tēs tragōdias = Sophokles' Philoktetes : eine humanistische Interpretation der Tragödie</subfield><subfield code="c">Kōnst. I. Bourberē</subfield></datafield><datafield ind1="1" ind2=" " tag="246"><subfield code="a">Sophokles' Philoktetes</subfield></datafield><datafield ind1=" " ind2="1" tag="264"><subfield code="a">Athēnai</subfield><subfield code="b">Ellēnikē Anthrōpistikē Etaireia</subfield><subfield code="c">1963</subfield></datafield><datafield ind1=" " ind2=" " tag="300"><subfield code="a">135 p.</subfield></datafield><datafield ind1=" " ind2=" " tag="336"><subfield code="b">txt</subfield><subfield code="2">rdacontent</subfield></datafield><datafield ind1=" " ind2=" " tag="337"><subfield code="b">n</subfield><subfield code="2">rdamedia</subfield></datafield><datafield ind1=" " ind2=" " tag="338"><subfield code="b">nc</subfield><subfield code="2">rdacarrier</subfield></datafield><datafield ind1="1" ind2=" " tag="490"><subfield code="a">Griechische Humanistische Gesellschaft. Reihe, Studien und Untersuchungen = Elli̲niki̲ anthro̲pistiki̲ etaireia. Seira 2, Meletai kai ereunai</subfield><subfield code="v">1</subfield></datafield><datafield ind1=" " ind2="0" tag="830"><subfield code="a">Griechische Humanistische Gesellschaft Zentrum für klassische Studien</subfield><subfield code="p">2. Reihe, Studien und Untersuchungen</subfield><subfield code="v">1</subfield></datafield><datafield ind1=" " ind2=" " tag="900"><subfield code="a">REROnoselfmerge</subfield></datafield></record>
</metadata></record>