<record><header><identifier>oai:alma.41SLSP_UGE:991000000709705502</identifier><datestamp>2024-04-14T00:12:33Z</datestamp><setSpec>uge_bcen_RapidILL_BOOK</setSpec><setSpec>uge_aaca_RapidILL_BOOK</setSpec><setSpec>uge_abels_RapidILL_BOOK</setSpec><setSpec>uge_dbu_RapidILL_BOOK</setSpec><setSpec>uge_cmu_RapidILL_BOOK</setSpec><setSpec>uge_mail_RapidILL_BOOK</setSpec><setSpec>uge_abbat_RapidILL_BOOK</setSpec><setSpec>UNIGE_ALL</setSpec><setSpec>uge_aobs_RapidILL_BOOK</setSpec><setSpec>uge_acar_RapidILL_BOOK</setSpec></header><metadata>
<record xmlns="http://www.loc.gov/MARC21/slim" xmlns:xsi="http://www.w3.org/2001/XMLSchema-instance" xsi:schemaLocation="http://www.loc.gov/MARC21/slim http://www.loc.gov/standards/marcxml/schema/MARC21slim.xsd"><leader>03328nam a2200805 c 4500</leader><controlfield tag="001">991000000709705502</controlfield><controlfield tag="005">20230331204524.0</controlfield><controlfield tag="008">201011s2014    gw ||||| m||| 00| ||ger d</controlfield><datafield ind1=" " ind2=" " tag="015"><subfield code="a">14,A12</subfield><subfield code="a">14,H04</subfield><subfield code="z">14,N11</subfield><subfield code="2">dnb</subfield></datafield><datafield ind1=" " ind2=" " tag="015"><subfield code="a">14,N11</subfield><subfield code="2">dnb</subfield></datafield><datafield ind1="7" ind2=" " tag="016"><subfield code="a">104803772X</subfield><subfield code="2">DE-101</subfield></datafield><datafield ind1=" " ind2=" " tag="020"><subfield code="a">394182015X</subfield></datafield><datafield ind1=" " ind2=" " tag="020"><subfield code="a">9783941820159</subfield><subfield code="c">CHF 65.90</subfield></datafield><datafield ind1=" " ind2=" " tag="035"><subfield code="a">(swissbib)218621949-41slsp_network</subfield></datafield><datafield ind1=" " ind2=" " tag="035"><subfield code="a">218621949</subfield><subfield code="9">ExL</subfield></datafield><datafield ind1=" " ind2=" " tag="035"><subfield code="a">(RERO)R007726940-41slsp</subfield></datafield><datafield ind1=" " ind2=" " tag="035"><subfield code="a">(IDSBB)006246100DSV01</subfield></datafield><datafield ind1=" " ind2=" " tag="035"><subfield code="a">(IDSLU)001141000ILU01</subfield></datafield><datafield ind1=" " ind2=" " tag="035"><subfield code="a">(NEBIS)010128426EBI01</subfield></datafield><datafield ind1=" " ind2=" " tag="035"><subfield code="a">(OCoLC)872694056</subfield></datafield><datafield ind1=" " ind2=" " tag="035"><subfield code="a">(EXLNZ-41SLSP_NETWORK)991088468489705501</subfield></datafield><datafield ind1=" " ind2=" " tag="040"><subfield code="a">DEBBG</subfield><subfield code="d">CH-ZuSLS</subfield></datafield><datafield ind1=" " ind2="7" tag="072"><subfield code="a">ha</subfield><subfield code="2">rero</subfield></datafield><datafield ind1=" " ind2="7" tag="072"><subfield code="a">th</subfield><subfield code="2">SzZuIDS BS/BE</subfield></datafield><datafield ind1=" " ind2="7" tag="072"><subfield code="a">012</subfield><subfield code="2">IDS LU</subfield></datafield><datafield ind1="1" ind2=" " tag="080"><subfield code="a">937:2</subfield></datafield><datafield ind1="0" ind2="4" tag="082"><subfield code="a">937.06</subfield><subfield code="2">22/ger</subfield></datafield><datafield ind1="0" ind2="4" tag="082"><subfield code="a">290</subfield><subfield code="a">230</subfield><subfield code="a">930</subfield></datafield><datafield ind1=" " ind2=" " tag="084"><subfield code="a">NH 9250</subfield><subfield code="2">rvk</subfield></datafield><datafield ind1=" " ind2=" " tag="084"><subfield code="a">290</subfield><subfield code="a">230</subfield><subfield code="a">930</subfield><subfield code="2">sdnb</subfield></datafield><datafield ind1="1" ind2=" " tag="100"><subfield code="a">Mattheis, Marco</subfield><subfield code="d">19..-....</subfield><subfield code="0">(IDREF)183903307</subfield><subfield code="4">cre</subfield></datafield><datafield ind1="1" ind2="0" tag="245"><subfield code="a">&lt;&lt;Der&gt;&gt; Kampf ums Ritual</subfield><subfield code="b">Diskurs und Praxis traditioneller Rituale in der Spätantike</subfield><subfield code="c">Marco Mattheis</subfield></datafield><datafield ind1="1" ind2=" " tag="246"><subfield code="a">Rituale der Macht</subfield></datafield><datafield ind1=" " ind2=" " tag="250"><subfield code="a">1. Aufl.</subfield></datafield><datafield ind1=" " ind2="1" tag="264"><subfield code="a">Duisburg</subfield><subfield code="b">Wellem</subfield><subfield code="c">2014</subfield></datafield><datafield ind1=" " ind2=" " tag="300"><subfield code="a">XI, 288 p.</subfield><subfield code="b">Ill.</subfield><subfield code="c">24 cm</subfield><subfield code="e">1 DVD</subfield></datafield><datafield ind1=" " ind2=" " tag="336"><subfield code="b">txt</subfield><subfield code="2">rdacontent</subfield></datafield><datafield ind1=" " ind2=" " tag="337"><subfield code="b">n</subfield><subfield code="2">rdamedia</subfield></datafield><datafield ind1=" " ind2=" " tag="338"><subfield code="b">nc</subfield><subfield code="2">rdacarrier</subfield></datafield><datafield ind1="1" ind2=" " tag="490"><subfield code="a">Reihe Geschichte</subfield><subfield code="v">Bd. 4</subfield></datafield><datafield ind1=" " ind2=" " tag="500"><subfield code="a">Originaltitel: Rituale der Macht. Die politische Bedeutung traditioneller Rituale in den spätantiken Provinzialstädten (Titel der Diss.)</subfield></datafield><datafield ind1=" " ind2=" " tag="502"><subfield code="a">Überarb. und gekürzte Diss. Univ. Heidelberg, 2012</subfield></datafield><datafield ind1=" " ind2=" " tag="502"><subfield code="a">Zugl.: Heidelberg, Univ., Diss., 2012 u.d.T.: Mattheis, Marco : Rituale der Macht</subfield></datafield><datafield ind1=" " ind2=" " tag="530"><subfield code="a">Existe aussi en version électronique</subfield></datafield><datafield ind1=" " ind2="7" tag="648"><subfield code="a">Geschichte 284-610</subfield><subfield code="2">gnd</subfield></datafield><datafield ind1=" " ind2="7" tag="648"><subfield code="a">Geschichte 0-500</subfield><subfield code="2">idszbz</subfield></datafield><datafield ind1=" " ind2="7" tag="648"><subfield code="a">Geschichte 500-600</subfield><subfield code="2">idszbz</subfield></datafield><datafield ind1=" " ind2="7" tag="648"><subfield code="a">Geschichte 600-650</subfield><subfield code="2">idszbz</subfield></datafield><datafield ind1=" " ind2="7" tag="650"><subfield code="a">Antiquité tardive</subfield><subfield code="0">(IDREF)178227552</subfield><subfield code="2">idref</subfield></datafield><datafield ind1=" " ind2="7" tag="650"><subfield code="a">Villes antiques</subfield><subfield code="0">(IDREF)027684342</subfield><subfield code="2">idref</subfield></datafield><datafield ind1=" " ind2="7" tag="650"><subfield code="a">Christianisme</subfield><subfield code="0">(IDREF)027229955</subfield><subfield code="2">idref</subfield></datafield><datafield ind1=" " ind2="7" tag="650"><subfield code="a">Paganisme</subfield><subfield code="0">(IDREF)027532860</subfield><subfield code="2">idref</subfield></datafield><datafield ind1=" " ind2="7" tag="650"><subfield code="a">Religion romaine</subfield><subfield code="0">(IDREF)02763695X</subfield><subfield code="2">idref</subfield></datafield><datafield ind1=" " ind2="7" tag="650"><subfield code="a">Rites et cérémonies</subfield><subfield code="0">(IDREF)027342107</subfield><subfield code="2">idref</subfield></datafield><datafield ind1=" " ind2="7" tag="650"><subfield code="a">Herrscherkult</subfield><subfield code="0">(DE-588)4159652-3</subfield><subfield code="2">gnd</subfield></datafield><datafield ind1=" " ind2="7" tag="650"><subfield code="a">Religiöses Fest</subfield><subfield code="0">(DE-588)4121583-7</subfield><subfield code="2">gnd</subfield></datafield><datafield ind1=" " ind2="7" tag="650"><subfield code="a">Stadt</subfield><subfield code="0">(DE-588)4056723-0</subfield><subfield code="2">gnd</subfield></datafield><datafield ind1=" " ind2="7" tag="651"><subfield code="a">Rome</subfield><subfield code="0">(IDREF)027243001</subfield><subfield code="2">idref</subfield></datafield><datafield ind1=" " ind2="7" tag="651"><subfield code="a">Provinces romaines</subfield><subfield code="0">(IDREF)027887537</subfield><subfield code="2">idref</subfield></datafield><datafield ind1=" " ind2="7" tag="651"><subfield code="a">Römisches Reich</subfield><subfield code="0">(DE-588)4076778-4</subfield><subfield code="2">gnd</subfield></datafield><datafield ind1=" " ind2="7" tag="655"><subfield code="a">Thèses et écrits académiques</subfield><subfield code="0">(IDREF)027253139</subfield><subfield code="2">idref</subfield></datafield><datafield ind1=" " ind2="7" tag="655"><subfield code="a">Hochschulschrift</subfield><subfield code="2">gnd-content</subfield></datafield><datafield ind1="0" ind2=" " tag="776"><subfield code="a">Mattheis, Marco</subfield><subfield code="t">Kampf ums Ritual : Diskurs und Praxis traditioneller Rituale in der Spätantike</subfield></datafield><datafield ind1="4" ind2="2" tag="856"><subfield code="3">Table des matières</subfield><subfield code="u">http://d-nb.info/104803772X/04</subfield></datafield><datafield ind1="4" ind2=" " tag="856"><subfield code="3">Titelblatt und Inhaltsverzeichnis</subfield><subfield code="u">https://toc.library.ethz.ch/objects/pdf03/z01_978-3-941820-15-9_01.pdf</subfield><subfield code="q">pdf</subfield></datafield><datafield ind1=" " ind2="0" tag="830"><subfield code="a">Reihe Geschichte</subfield><subfield code="p">Wellem</subfield><subfield code="v">4</subfield><subfield code="w">(RERO)R005426147-41slsp</subfield></datafield><datafield ind1=" " ind2="0" tag="830"><subfield code="a">Reihe Geschichte</subfield><subfield code="v">4</subfield><subfield code="w">(IDSLU)001145324ILU01</subfield></datafield><datafield ind1=" " ind2=" " tag="900"><subfield code="a">REROnoselfmerge</subfield></datafield><datafield ind1=" " ind2=" " tag="900"><subfield code="a">IDSZ2zbzdat201405f</subfield><subfield code="c">IDSZ2tann</subfield><subfield code="d">IDSZ2zbzswk201405g</subfield><subfield code="e">IDSZ2schu</subfield></datafield><datafield ind1=" " ind2=" " tag="910"><subfield code="a">OCoLC</subfield><subfield code="b">20140506</subfield><subfield code="c">Droits réservés</subfield></datafield><datafield ind1=" " ind2=" " tag="949"><subfield code="a">https://toc.library.ethz.ch/objects/pdf03/z01_978-3-941820-15-9_01.pdf</subfield></datafield></record>
</metadata></record>