<record><header><identifier>oai:alma.41SLSP_UGE:991000000199705502</identifier><datestamp>2023-03-01T01:08:50Z</datestamp><setSpec>uge_bcen_RapidILL_BOOK</setSpec><setSpec>uge_aaca_RapidILL_BOOK</setSpec><setSpec>uge_abels_RapidILL_BOOK</setSpec><setSpec>uge_dbu_RapidILL_BOOK</setSpec><setSpec>uge_cmu_RapidILL_BOOK</setSpec><setSpec>uge_mail_RapidILL_BOOK</setSpec><setSpec>UNIGE_ALL</setSpec><setSpec>uge_abbat_RapidILL_BOOK</setSpec><setSpec>uge_aobs_RapidILL_BOOK</setSpec><setSpec>uge_acar_RapidILL_BOOK</setSpec></header><metadata>
<record xmlns="http://www.loc.gov/MARC21/slim" xmlns:xsi="http://www.w3.org/2001/XMLSchema-instance" xsi:schemaLocation="http://www.loc.gov/MARC21/slim http://www.loc.gov/standards/marcxml/schema/MARC21slim.xsd"><leader>00979nam a2200301 c 4500</leader><controlfield tag="001">991000000199705502</controlfield><controlfield tag="005">20230208211518.0</controlfield><controlfield tag="008">050705s1933    it ||||| |||| 00| ||ita d</controlfield><datafield ind1=" " ind2=" " tag="035"><subfield code="a">(swissbib)102129207-41slsp_network</subfield></datafield><datafield ind1=" " ind2=" " tag="035"><subfield code="a">102129207</subfield><subfield code="9">ExL</subfield></datafield><datafield ind1=" " ind2=" " tag="035"><subfield code="a">(RERO)R003870443-41slsp</subfield></datafield><datafield ind1=" " ind2=" " tag="035"><subfield code="a">(EXLNZ-41SLSP_NETWORK)991006934699705501</subfield></datafield><datafield ind1=" " ind2=" " tag="040"><subfield code="a">RERO geubfd</subfield><subfield code="d">CH-ZuSLS</subfield></datafield><datafield ind1=" " ind2="7" tag="072"><subfield code="a">dr</subfield><subfield code="2">rero</subfield></datafield><datafield ind1=" " ind2=" " tag="084"><subfield code="a">CA/I 34.1 g</subfield><subfield code="2">cjurrom</subfield></datafield><datafield ind1="1" ind2=" " tag="100"><subfield code="a">Cucinotta, Ernesto</subfield><subfield code="0">(RERO)A011594273</subfield><subfield code="4">cre</subfield></datafield><datafield ind1="1" ind2="0" tag="245"><subfield code="a">Diritto coloniale italiano</subfield><subfield code="c">Ernesto Cucinotta</subfield></datafield><datafield ind1=" " ind2=" " tag="250"><subfield code="a">2a ed. riveduta ed ampliata</subfield></datafield><datafield ind1=" " ind2="1" tag="264"><subfield code="a">Roma</subfield><subfield code="b">Società ed. del &quot;Foro italiano&quot;</subfield><subfield code="c">1933</subfield></datafield><datafield ind1=" " ind2=" " tag="300"><subfield code="a">XII, 529 p.</subfield><subfield code="c">24 cm</subfield></datafield><datafield ind1=" " ind2=" " tag="336"><subfield code="b">txt</subfield><subfield code="2">rdacontent</subfield></datafield><datafield ind1=" " ind2=" " tag="337"><subfield code="b">n</subfield><subfield code="2">rdamedia</subfield></datafield><datafield ind1=" " ind2=" " tag="338"><subfield code="b">nc</subfield><subfield code="2">rdacarrier</subfield></datafield><datafield ind1=" " ind2=" " tag="504"><subfield code="a">Bibliogr.</subfield></datafield><datafield ind1=" " ind2="7" tag="650"><subfield code="a">Droit</subfield><subfield code="0">(IDREF)027466868</subfield><subfield code="2">idref</subfield></datafield><datafield ind1=" " ind2="7" tag="650"><subfield code="a">Colonies</subfield><subfield code="0">(IDREF)027493458</subfield><subfield code="2">idref</subfield></datafield><datafield ind1=" " ind2="7" tag="651"><subfield code="a">Italie</subfield><subfield code="0">(IDREF)027235408</subfield><subfield code="2">idref</subfield></datafield><datafield ind1=" " ind2="7" tag="655"><subfield code="a">Manuels d'enseignement</subfield><subfield code="0">(IDREF)027446514</subfield><subfield code="2">idref</subfield></datafield><datafield ind1=" " ind2=" " tag="900"><subfield code="a">REROnoselfmerge</subfield></datafield></record>
</metadata></record>