<record><header><identifier>oai:alma.41SLSP_UGE:991000000599705502</identifier><datestamp>2023-03-01T01:08:50Z</datestamp><setSpec>uge_bcen_RapidILL_BOOK</setSpec><setSpec>uge_aaca_RapidILL_BOOK</setSpec><setSpec>uge_abels_RapidILL_BOOK</setSpec><setSpec>uge_dbu_RapidILL_BOOK</setSpec><setSpec>uge_cmu_RapidILL_BOOK</setSpec><setSpec>uge_mail_RapidILL_BOOK</setSpec><setSpec>UNIGE_ALL</setSpec><setSpec>uge_abbat_RapidILL_BOOK</setSpec><setSpec>uge_aobs_RapidILL_BOOK</setSpec><setSpec>uge_acar_RapidILL_BOOK</setSpec></header><metadata>
<record xmlns="http://www.loc.gov/MARC21/slim" xmlns:xsi="http://www.w3.org/2001/XMLSchema-instance" xsi:schemaLocation="http://www.loc.gov/MARC21/slim http://www.loc.gov/standards/marcxml/schema/MARC21slim.xsd"><leader>01346nam a2200373 c 4500</leader><controlfield tag="001">991000000599705502</controlfield><controlfield tag="005">20201230225244.0</controlfield><controlfield tag="008">201011s1973    it ||||| |||| 00| ||ita d</controlfield><datafield ind1=" " ind2=" " tag="035"><subfield code="a">(swissbib)228087155-41slsp_network</subfield></datafield><datafield ind1=" " ind2=" " tag="035"><subfield code="a">228087155</subfield><subfield code="9">ExL</subfield></datafield><datafield ind1=" " ind2=" " tag="035"><subfield code="a">(RERO)0417796-41slsp</subfield></datafield><datafield ind1=" " ind2=" " tag="035"><subfield code="a">(NEBIS)005801361EBI01</subfield></datafield><datafield ind1=" " ind2=" " tag="035"><subfield code="a">(EXLNZ-41SLSP_NETWORK)991092511789705501</subfield></datafield><datafield ind1=" " ind2=" " tag="040"><subfield code="a">RERO</subfield><subfield code="d">CH-ZuSLS</subfield></datafield><datafield ind1=" " ind2="7" tag="072"><subfield code="a">dr</subfield><subfield code="2">rero</subfield></datafield><datafield ind1="0" ind2="4" tag="082"><subfield code="a">340.9</subfield></datafield><datafield ind1=" " ind2=" " tag="084"><subfield code="a">D 16.4 h</subfield><subfield code="2">cjurrom</subfield></datafield><datafield ind1=" " ind2=" " tag="084"><subfield code="a">D 17 h</subfield><subfield code="2">cjurrom</subfield></datafield><datafield ind1="1" ind2=" " tag="100"><subfield code="a">Francioni, Francesco</subfield><subfield code="0">(IDREF)032403488</subfield><subfield code="4">cre</subfield></datafield><datafield ind1="1" ind2="0" tag="245"><subfield code="a">Asilo diplomatico</subfield><subfield code="b">contributo allo studio delle consuetudini locali nel diritto internazionale</subfield><subfield code="c">Francesco Francioni</subfield></datafield><datafield ind1=" " ind2="1" tag="264"><subfield code="a">Milano</subfield><subfield code="b">Giuffrè</subfield><subfield code="c">1973</subfield></datafield><datafield ind1=" " ind2=" " tag="300"><subfield code="a">VIII, 249 p.</subfield><subfield code="c">26 cm</subfield></datafield><datafield ind1=" " ind2=" " tag="336"><subfield code="b">txt</subfield><subfield code="2">rdacontent</subfield></datafield><datafield ind1=" " ind2=" " tag="337"><subfield code="b">n</subfield><subfield code="2">rdamedia</subfield></datafield><datafield ind1=" " ind2=" " tag="338"><subfield code="b">nc</subfield><subfield code="2">rdacarrier</subfield></datafield><datafield ind1="1" ind2=" " tag="490"><subfield code="a">Istituto di diritto internazionale dell'Università di Napoli</subfield><subfield code="v">2</subfield></datafield><datafield ind1=" " ind2="0" tag="650"><subfield code="a">Asylum, Right of</subfield></datafield><datafield ind1=" " ind2="0" tag="650"><subfield code="a">Diplomatic protection</subfield></datafield><datafield ind1=" " ind2="0" tag="650"><subfield code="a">Political refugees</subfield><subfield code="x">Legal status, laws, etc</subfield><subfield code="z">Latin America</subfield></datafield><datafield ind1=" " ind2=" " tag="690"><subfield code="a">Asylrecht</subfield><subfield code="2">uzb-Z9</subfield></datafield><datafield ind1=" " ind2=" " tag="690"><subfield code="a">Diplomatie / Rechtliches</subfield><subfield code="2">uzb-Z9</subfield></datafield><datafield ind1=" " ind2=" " tag="830"><subfield code="a">Istituto di diritto internazionale dell'Università di Napoli</subfield><subfield code="v">2</subfield><subfield code="w">(RERO)0300165-41slsp</subfield></datafield><datafield ind1=" " ind2=" " tag="830"><subfield code="a">Collana</subfield><subfield code="v">2</subfield><subfield code="w">(NEBIS)001004581EBI01</subfield></datafield><datafield ind1=" " ind2=" " tag="900"><subfield code="a">REROnoselfmerge</subfield></datafield><datafield ind1=" " ind2=" " tag="900"><subfield code="a">IDSZ2rwimon200905p</subfield><subfield code="c">IDSZ2ymub 090519</subfield></datafield></record>
</metadata></record>