<record><header><identifier>oai:alma.41SLSP_UGE:991000000099705502</identifier><datestamp>2023-03-01T01:08:50Z</datestamp><setSpec>uge_bcen_RapidILL_BOOK</setSpec><setSpec>uge_aaca_RapidILL_BOOK</setSpec><setSpec>uge_abels_RapidILL_BOOK</setSpec><setSpec>uge_dbu_RapidILL_BOOK</setSpec><setSpec>uge_cmu_RapidILL_BOOK</setSpec><setSpec>uge_mail_RapidILL_BOOK</setSpec><setSpec>UNIGE_ALL</setSpec><setSpec>uge_abbat_RapidILL_BOOK</setSpec><setSpec>uge_aobs_RapidILL_BOOK</setSpec><setSpec>uge_acar_RapidILL_BOOK</setSpec></header><metadata>
<record xmlns="http://www.loc.gov/MARC21/slim" xmlns:xsi="http://www.w3.org/2001/XMLSchema-instance" xsi:schemaLocation="http://www.loc.gov/MARC21/slim http://www.loc.gov/standards/marcxml/schema/MARC21slim.xsd"><leader>01320nam a2200277 c 4500</leader><controlfield tag="001">991000000099705502</controlfield><controlfield tag="005">20201227141901.0</controlfield><controlfield tag="008">031028s2002    fr ||||| |||| 00| ||rus d</controlfield><datafield ind1=" " ind2=" " tag="020"><subfield code="a">2951813821</subfield></datafield><datafield ind1="7" ind2=" " tag="024"><subfield code="a">http://catalogue.bnf.fr/ark:/12148/cb39016777s</subfield><subfield code="2">uri</subfield></datafield><datafield ind1=" " ind2=" " tag="035"><subfield code="a">(swissbib)099872293-41slsp_network</subfield></datafield><datafield ind1=" " ind2=" " tag="035"><subfield code="a">099872293</subfield><subfield code="9">ExL</subfield></datafield><datafield ind1=" " ind2=" " tag="035"><subfield code="a">(RERO)R003530300-41slsp</subfield></datafield><datafield ind1=" " ind2=" " tag="035"><subfield code="a">(EXLNZ-41SLSP_NETWORK)991149533739705501</subfield></datafield><datafield ind1=" " ind2=" " tag="040"><subfield code="a">RERO geulru</subfield><subfield code="d">CH-ZuSLS</subfield></datafield><datafield ind1=" " ind2="7" tag="072"><subfield code="a">ru</subfield><subfield code="2">rero</subfield></datafield><datafield ind1="1" ind2=" " tag="100"><subfield code="6">880-01</subfield><subfield code="a">Prokofʹev, Sergej Sergeevič</subfield><subfield code="d">1891-1953</subfield><subfield code="0">(IDREF)030891272</subfield><subfield code="4">cre</subfield></datafield><datafield ind1="1" ind2=" " tag="880"><subfield code="6">100-01/(N</subfield><subfield code="a">Прокофьев, Сергей Сергеевич</subfield><subfield code="d">1891-1953</subfield></datafield><datafield ind1="1" ind2="0" tag="245"><subfield code="6">880-02</subfield><subfield code="a">Dnevnik</subfield><subfield code="b">lit︠s︡a</subfield><subfield code="c">Sergeĭ Prokofʹev</subfield></datafield><datafield ind1="1" ind2="0" tag="880"><subfield code="6">245-02/(N</subfield><subfield code="a">Дневник</subfield><subfield code="b">лица</subfield><subfield code="c">Сергей Прокофьев</subfield></datafield><datafield ind1="1" ind2=" " tag="246"><subfield code="a">Dnevnik</subfield><subfield code="b">lica / Sergej Prokofʹev</subfield></datafield><datafield ind1=" " ind2="1" tag="264"><subfield code="a">Paris</subfield><subfield code="b">sprkfv</subfield><subfield code="c">2002</subfield></datafield><datafield ind1=" " ind2=" " tag="300"><subfield code="a">59 p.</subfield><subfield code="b">ill.</subfield><subfield code="c">24 cm</subfield></datafield><datafield ind1=" " ind2=" " tag="336"><subfield code="b">txt</subfield><subfield code="2">rdacontent</subfield></datafield><datafield ind1=" " ind2=" " tag="337"><subfield code="b">n</subfield><subfield code="2">rdamedia</subfield></datafield><datafield ind1=" " ind2=" " tag="338"><subfield code="b">nc</subfield><subfield code="2">rdacarrier</subfield></datafield><datafield ind1=" " ind2=" " tag="900"><subfield code="a">REROnoselfmerge</subfield></datafield></record>
</metadata></record>