<record><header><identifier>oai:alma.41SLSP_UGE:991000000309705502</identifier><datestamp>2023-04-11T00:12:47Z</datestamp><setSpec>uge_bcen_RapidILL_BOOK</setSpec><setSpec>uge_aaca_RapidILL_BOOK</setSpec><setSpec>uge_abels_RapidILL_BOOK</setSpec><setSpec>uge_dbu_RapidILL_BOOK</setSpec><setSpec>uge_cmu_RapidILL_BOOK</setSpec><setSpec>uge_mail_RapidILL_BOOK</setSpec><setSpec>uge_abbat_RapidILL_BOOK</setSpec><setSpec>UNIGE_ALL</setSpec><setSpec>uge_acar_RapidILL_BOOK</setSpec><setSpec>uge_aobs_RapidILL_BOOK</setSpec></header><metadata>
<record xmlns="http://www.loc.gov/MARC21/slim" xmlns:xsi="http://www.w3.org/2001/XMLSchema-instance" xsi:schemaLocation="http://www.loc.gov/MARC21/slim http://www.loc.gov/standards/marcxml/schema/MARC21slim.xsd"><leader>03274nam a2200385 c 4500</leader><controlfield tag="001">991000000309705502</controlfield><controlfield tag="005">20230410175025.0</controlfield><controlfield tag="008">050404s2004    ru ||||| |||| 00| ||rus d</controlfield><datafield ind1=" " ind2=" " tag="035"><subfield code="a">(swissbib)101759339-41slsp_network</subfield></datafield><datafield ind1=" " ind2=" " tag="035"><subfield code="a">101759339</subfield><subfield code="9">ExL</subfield></datafield><datafield ind1=" " ind2=" " tag="035"><subfield code="a">(RERO)R003816860-41slsp</subfield></datafield><datafield ind1=" " ind2=" " tag="035"><subfield code="a">(EXLNZ-41SLSP_NETWORK)991134772449705501</subfield></datafield><datafield ind1=" " ind2=" " tag="040"><subfield code="a">RERO geulru</subfield><subfield code="d">CH-ZuSLS</subfield></datafield><datafield ind1=" " ind2="7" tag="072"><subfield code="a">hg</subfield><subfield code="2">rero</subfield></datafield><datafield ind1="0" ind2="0" tag="245"><subfield code="6">880-01</subfield><subfield code="a">Menʹsheviki v 1922-1924 gg</subfield><subfield code="c">otvetstsvennye red. : Z. Galili, A. Nenarokov</subfield></datafield><datafield ind1="0" ind2="0" tag="880"><subfield code="6">245-01/(N</subfield><subfield code="a">Меньшевики в 1922-1924 гг</subfield><subfield code="c">ответственные ред. : З. Галили, А. Ненароков</subfield></datafield><datafield ind1="1" ind2=" " tag="246"><subfield code="a">Menʹševiki v 1922-1924 gg. / otvetstsvennye red. : Z. Galili, A. Nenarokov</subfield></datafield><datafield ind1=" " ind2="1" tag="264"><subfield code="6">880-02</subfield><subfield code="a">Moskva</subfield><subfield code="b">ROSSPĖN</subfield><subfield code="c">2004</subfield></datafield><datafield ind1=" " ind2="1" tag="880"><subfield code="6">264-02/(N</subfield><subfield code="a">Москва</subfield><subfield code="b">ПОССПЭН</subfield><subfield code="c">2004</subfield></datafield><datafield ind1=" " ind2=" " tag="300"><subfield code="a">726 p.</subfield><subfield code="c">22 cm</subfield></datafield><datafield ind1=" " ind2=" " tag="336"><subfield code="b">txt</subfield><subfield code="2">rdacontent</subfield></datafield><datafield ind1=" " ind2=" " tag="337"><subfield code="b">n</subfield><subfield code="2">rdamedia</subfield></datafield><datafield ind1=" " ind2=" " tag="338"><subfield code="b">nc</subfield><subfield code="2">rdacarrier</subfield></datafield><datafield ind1="1" ind2=" " tag="490"><subfield code="6">880-03</subfield><subfield code="a">Političeskie partii Rossii konec XIX - pervaja tretʹ XX veka</subfield></datafield><datafield ind1="1" ind2=" " tag="880"><subfield code="6">490-03/(N</subfield><subfield code="a">Политические партии России конец XIX - первая треть XX века</subfield></datafield><datafield ind1="1" ind2=" " tag="490"><subfield code="6">880-04</subfield><subfield code="a">Menʹševiki v bolʹševistskoj Rossii : 1918-1924</subfield></datafield><datafield ind1="1" ind2=" " tag="880"><subfield code="6">490-04/(N</subfield><subfield code="a">Меньшевики в большевистской России : 1918-1924</subfield></datafield><datafield ind1=" " ind2="7" tag="650"><subfield code="a">1922-1924</subfield><subfield code="2">rero</subfield></datafield><datafield ind1=" " ind2="7" tag="650"><subfield code="a">Mencheviks</subfield><subfield code="0">(IDREF)029770106</subfield><subfield code="2">idref</subfield></datafield><datafield ind1=" " ind2="7" tag="651"><subfield code="a">URSS</subfield><subfield code="0">(IDREF)027332519</subfield><subfield code="2">idref</subfield></datafield><datafield ind1="1" ind2=" " tag="700"><subfield code="a">Galili y Garcia, Ziva</subfield><subfield code="0">(IDREF)030801877</subfield></datafield><datafield ind1=" " ind2="0" tag="830"><subfield code="6">880-07</subfield><subfield code="a">Politicheskie partii Rossii konet︠s︡ XIX - pervai︠a︡ tretʹ XX veka</subfield><subfield code="w">(RERO)R242500460-41slsp</subfield></datafield><datafield ind1=" " ind2="0" tag="880"><subfield code="6">830-07/(N</subfield><subfield code="a">Политические партии России конец XIX - первая треть XX века</subfield></datafield><datafield ind1=" " ind2="0" tag="830"><subfield code="6">880-08</subfield><subfield code="a">Menʹsheviki v bolʹshevistskoĭ Rossii</subfield><subfield code="w">(RERO)R273286560-41slsp</subfield></datafield><datafield ind1=" " ind2="0" tag="880"><subfield code="6">830-08/(N</subfield><subfield code="a">Меньшевики в большевистской России</subfield></datafield><datafield ind1=" " ind2=" " tag="900"><subfield code="a">REROnoselfmerge</subfield></datafield></record>
</metadata></record>