<record><header><identifier>oai:alma.41SLSP_UGE:991000000829705502</identifier><datestamp>2023-03-01T01:08:50Z</datestamp><setSpec>uge_bcen_RapidILL_BOOK</setSpec><setSpec>uge_aaca_RapidILL_BOOK</setSpec><setSpec>uge_abels_RapidILL_BOOK</setSpec><setSpec>uge_dbu_RapidILL_BOOK</setSpec><setSpec>uge_cmu_RapidILL_BOOK</setSpec><setSpec>uge_mail_RapidILL_BOOK</setSpec><setSpec>UNIGE_ALL</setSpec><setSpec>uge_abbat_RapidILL_BOOK</setSpec><setSpec>uge_acar_RapidILL_BOOK</setSpec><setSpec>uge_aobs_RapidILL_BOOK</setSpec></header><metadata>
<record xmlns="http://www.loc.gov/MARC21/slim" xmlns:xsi="http://www.w3.org/2001/XMLSchema-instance" xsi:schemaLocation="http://www.loc.gov/MARC21/slim http://www.loc.gov/standards/marcxml/schema/MARC21slim.xsd"><leader>03321nam a2200817 c 4500</leader><controlfield tag="001">991000000829705502</controlfield><controlfield tag="005">20230128195315.0</controlfield><controlfield tag="008">201011s1986    fr ||||| |||| 00| ||fre d</controlfield><datafield ind1=" " ind2=" " tag="020"><subfield code="a">2200312318</subfield></datafield><datafield ind1="7" ind2=" " tag="024"><subfield code="a">http://catalogue.bnf.fr/ark:/12148/cb348803343</subfield><subfield code="2">uri</subfield></datafield><datafield ind1=" " ind2=" " tag="035"><subfield code="a">(swissbib)220527059-41slsp_network</subfield></datafield><datafield ind1=" " ind2=" " tag="035"><subfield code="a">220527059</subfield><subfield code="9">ExL</subfield></datafield><datafield ind1=" " ind2=" " tag="035"><subfield code="a">(RERO)0807388-41slsp</subfield></datafield><datafield ind1=" " ind2=" " tag="035"><subfield code="a">(IDSBB)000306200DSV01</subfield></datafield><datafield ind1=" " ind2=" " tag="035"><subfield code="a">(NEBIS)003084087EBI01</subfield></datafield><datafield ind1=" " ind2=" " tag="035"><subfield code="a">(EXLNZ-41SLSP_NETWORK)991025409459705501</subfield></datafield><datafield ind1=" " ind2=" " tag="040"><subfield code="a">RERO neubfl</subfield><subfield code="d">CH-ZuSLS</subfield></datafield><datafield ind1=" " ind2="7" tag="072"><subfield code="a">lg</subfield><subfield code="2">rero</subfield></datafield><datafield ind1=" " ind2="7" tag="072"><subfield code="a">as</subfield><subfield code="2">SzZuIDS BS/BE</subfield></datafield><datafield ind1=" " ind2="7" tag="072"><subfield code="a">pa</subfield><subfield code="2">SzZuIDS BS/BE</subfield></datafield><datafield ind1="0" ind2="0" tag="082"><subfield code="a">410/.944/0903</subfield><subfield code="2">20</subfield></datafield><datafield ind1="1" ind2="4" tag="082"><subfield code="a">410.9</subfield><subfield code="2">22</subfield></datafield><datafield ind1="1" ind2="4" tag="082"><subfield code="a">370</subfield><subfield code="2">15</subfield></datafield><datafield ind1=" " ind2=" " tag="084"><subfield code="a">ER 545</subfield><subfield code="2">rvk</subfield></datafield><datafield ind1=" " ind2=" " tag="084"><subfield code="a">ID 1675</subfield><subfield code="2">rvk</subfield></datafield><datafield ind1="1" ind2=" " tag="100"><subfield code="a">Delesalle, Simone</subfield><subfield code="0">(IDREF)026820390</subfield><subfield code="4">cre</subfield></datafield><datafield ind1="1" ind2="0" tag="245"><subfield code="a">&lt;&lt;La&gt;&gt; linguistique, la grammaire et l'école</subfield><subfield code="b">1750-1914</subfield><subfield code="c">Simone Delesalle, Jean-Claude Chevalier</subfield></datafield><datafield ind1=" " ind2="1" tag="264"><subfield code="a">Paris</subfield><subfield code="b">A. Colin</subfield><subfield code="c">1986</subfield></datafield><datafield ind1=" " ind2=" " tag="300"><subfield code="a">368 p.</subfield><subfield code="c">21 cm</subfield></datafield><datafield ind1=" " ind2=" " tag="336"><subfield code="b">txt</subfield><subfield code="2">rdacontent</subfield></datafield><datafield ind1=" " ind2=" " tag="337"><subfield code="b">n</subfield><subfield code="2">rdamedia</subfield></datafield><datafield ind1=" " ind2=" " tag="338"><subfield code="b">nc</subfield><subfield code="2">rdacarrier</subfield></datafield><datafield ind1="1" ind2=" " tag="490"><subfield code="a">Linguistique</subfield></datafield><datafield ind1=" " ind2=" " tag="504"><subfield code="a">Bibliogr</subfield></datafield><datafield ind1=" " ind2="7" tag="648"><subfield code="a">Geschichte 1750-1914</subfield><subfield code="2">gnd</subfield></datafield><datafield ind1=" " ind2="7" tag="650"><subfield code="a">Enseignement</subfield><subfield code="0">(IDREF)027264998</subfield><subfield code="2">idref</subfield></datafield><datafield ind1=" " ind2="7" tag="650"><subfield code="a">Grammaire</subfield><subfield code="0">(IDREF)02863165X</subfield><subfield code="2">idref</subfield></datafield><datafield ind1=" " ind2="7" tag="650"><subfield code="a">Linguistique</subfield><subfield code="0">(IDREF)027236005</subfield><subfield code="2">idref</subfield></datafield><datafield ind1=" " ind2="7" tag="650"><subfield code="a">1750-1914</subfield><subfield code="2">rero</subfield></datafield><datafield ind1=" " ind2="7" tag="650"><subfield code="a">Sprachwissenschaft</subfield><subfield code="x">Sprachunterricht</subfield><subfield code="y">Geschichte 18. Jh</subfield><subfield code="2">idsbb</subfield></datafield><datafield ind1=" " ind2="7" tag="650"><subfield code="a">Sprachwissenschaft</subfield><subfield code="x">Sprachunterricht</subfield><subfield code="y">Geschichte 19. Jh</subfield><subfield code="2">idsbb</subfield></datafield><datafield ind1=" " ind2="7" tag="650"><subfield code="a">Sprachunterricht</subfield><subfield code="x">Sprachwissenschaft</subfield><subfield code="y">Geschichte 18. Jh</subfield><subfield code="2">idsbb</subfield></datafield><datafield ind1=" " ind2="7" tag="650"><subfield code="a">Sprachunterricht</subfield><subfield code="x">Sprachwissenschaft</subfield><subfield code="y">Geschichte 19. Jh</subfield><subfield code="2">idsbb</subfield></datafield><datafield ind1=" " ind2="7" tag="650"><subfield code="a">Schule</subfield><subfield code="z">Frankreich</subfield><subfield code="y">Geschichte 18. Jh</subfield><subfield code="2">idsbb</subfield></datafield><datafield ind1=" " ind2="7" tag="650"><subfield code="a">Schule</subfield><subfield code="z">Frankreich</subfield><subfield code="y">Geschichte 19. Jh</subfield><subfield code="2">idsbb</subfield></datafield><datafield ind1=" " ind2="7" tag="650"><subfield code="a">Französische Sprache</subfield><subfield code="x">Unterricht</subfield><subfield code="z">Frankreich</subfield><subfield code="y">Geschichte 18. Jh</subfield><subfield code="2">idsbb</subfield></datafield><datafield ind1=" " ind2="7" tag="650"><subfield code="a">Französische Sprache</subfield><subfield code="x">Unterricht</subfield><subfield code="z">Frankreich</subfield><subfield code="y">Geschichte 19. Jh</subfield><subfield code="2">idsbb</subfield></datafield><datafield ind1=" " ind2="7" tag="650"><subfield code="a">Linguistik</subfield><subfield code="0">(DE-588)4074250-7</subfield><subfield code="2">gnd</subfield></datafield><datafield ind1=" " ind2="7" tag="650"><subfield code="a">Grammatik</subfield><subfield code="0">(DE-588)4021806-5</subfield><subfield code="2">gnd</subfield></datafield><datafield ind1=" " ind2="7" tag="650"><subfield code="a">Sprachunterricht</subfield><subfield code="0">(DE-588)4056505-1</subfield><subfield code="2">gnd</subfield></datafield><datafield ind1=" " ind2="7" tag="650"><subfield code="a">Schule</subfield><subfield code="0">(DE-588)4053474-1</subfield><subfield code="2">gnd</subfield></datafield><datafield ind1=" " ind2="7" tag="650"><subfield code="a">Französischunterricht</subfield><subfield code="0">(DE-588)4018198-4</subfield><subfield code="2">gnd</subfield></datafield><datafield ind1=" " ind2="7" tag="650"><subfield code="a">Französisch</subfield><subfield code="0">(DE-588)4113615-9</subfield><subfield code="2">gnd</subfield></datafield><datafield ind1=" " ind2="0" tag="650"><subfield code="a">French language</subfield><subfield code="x">Grammar</subfield><subfield code="x">History</subfield></datafield><datafield ind1=" " ind2="0" tag="650"><subfield code="a">Language and education</subfield><subfield code="z">France</subfield><subfield code="x">History</subfield></datafield><datafield ind1=" " ind2="0" tag="650"><subfield code="a">Linguistics</subfield><subfield code="z">France</subfield><subfield code="x">History</subfield></datafield><datafield ind1=" " ind2="7" tag="651"><subfield code="a">France</subfield><subfield code="0">(IDREF)027226794</subfield><subfield code="2">idref</subfield></datafield><datafield ind1=" " ind2="7" tag="651"><subfield code="a">Frankreich</subfield><subfield code="0">(DE-588)4018145-5</subfield><subfield code="2">gnd</subfield></datafield><datafield ind1=" " ind2=" " tag="690"><subfield code="a">Didactique générale</subfield><subfield code="2">ubs-AQ</subfield></datafield><datafield ind1=" " ind2=" " tag="690"><subfield code="a">Linguistique. Histoire de la linguistique</subfield><subfield code="2">ubs-AQ</subfield></datafield><datafield ind1=" " ind2=" " tag="690"><subfield code="a">Philosophie du langage</subfield><subfield code="2">ubs-AQ</subfield></datafield><datafield ind1=" " ind2=" " tag="690"><subfield code="a">Psycholinguistique</subfield><subfield code="2">ubs-AQ</subfield></datafield><datafield ind1=" " ind2=" " tag="690"><subfield code="a">Sociolinguistique, ethnolinguistique</subfield><subfield code="2">ubs-AQ</subfield></datafield><datafield ind1=" " ind2=" " tag="690"><subfield code="a">Frankreich / Schule, Erziehung / 1985- ersch.</subfield><subfield code="2">uzb-Z9</subfield></datafield><datafield ind1=" " ind2=" " tag="690"><subfield code="a">Französische Sprache / Geschichte / Einzelne Zeiträume</subfield><subfield code="2">uzb-Z9</subfield></datafield><datafield ind1=" " ind2=" " tag="690"><subfield code="a">Sprachwissenschaft / Einzelne Gebiete und Orte</subfield><subfield code="2">uzb-Z9</subfield></datafield><datafield ind1="1" ind2=" " tag="700"><subfield code="a">Chevalier, Jean-Claude</subfield><subfield code="0">(RERO)A003101049</subfield></datafield><datafield ind1="4" ind2=" " tag="856"><subfield code="3">Inhaltsverzeichnis</subfield><subfield code="u">http://www.ub.unibas.ch/tox/HBZ/HT003013426/PDF</subfield><subfield code="q">pdf</subfield></datafield><datafield ind1=" " ind2="0" tag="830"><subfield code="a">Linguistique</subfield><subfield code="p">A. Colin</subfield><subfield code="w">(RERO)0025577-41slsp</subfield></datafield><datafield ind1=" " ind2=" " tag="900"><subfield code="a">REROnoselfmerge</subfield></datafield><datafield ind1=" " ind2=" " tag="900"><subfield code="a">IDSZRMedeaZBZ</subfield></datafield><datafield ind1=" " ind2=" " tag="949"><subfield code="a">http://www.ub.unibas.ch/tox/HBZ/HT003013426/PDF</subfield></datafield></record>
</metadata></record>