<record><header><identifier>oai:alma.41SLSP_UGE:991000000719705502</identifier><datestamp>2023-03-30T00:12:04Z</datestamp><setSpec>uge_cmu_RapidILL_JOURNAL</setSpec><setSpec>uge_aobs_RapidILL_JOURNAL</setSpec><setSpec>uge_aaca_RapidILL_JOURNAL</setSpec><setSpec>uge_bcen_RapidILL_JOURNAL</setSpec><setSpec>uge_abbat_RapidILL_JOURNAL</setSpec><setSpec>uge_dbu_RapidILL_JOURNAL</setSpec><setSpec>uge_mail_RapidILL_JOURNAL</setSpec><setSpec>uge_abels_RapidILL_JOURNAL</setSpec><setSpec>UNIGE_ALL</setSpec><setSpec>uge_acar_RapidILL_JOURNAL</setSpec></header><metadata>
<record xmlns="http://www.loc.gov/MARC21/slim" xmlns:xsi="http://www.w3.org/2001/XMLSchema-instance" xsi:schemaLocation="http://www.loc.gov/MARC21/slim http://www.loc.gov/standards/marcxml/schema/MARC21slim.xsd"><leader>03115nas a2200685uc 4500</leader><controlfield tag="001">991000000719705502</controlfield><controlfield tag="005">20230329194520.0</controlfield><controlfield tag="008">201012c19569999xxc | p       0    |eng d</controlfield><datafield ind1=" " ind2=" " tag="022"><subfield code="a">0008-5006</subfield></datafield><datafield ind1=" " ind2=" " tag="022"><subfield code="a">2375-2475</subfield></datafield><datafield ind1=" " ind2=" " tag="035"><subfield code="a">(swissbib)237925648-41slsp_network</subfield></datafield><datafield ind1=" " ind2=" " tag="035"><subfield code="a">237925648</subfield><subfield code="9">ExL</subfield></datafield><datafield ind1=" " ind2=" " tag="035"><subfield code="a">(IDSBB)000149476DSV01</subfield></datafield><datafield ind1=" " ind2=" " tag="035"><subfield code="a">(RERO)1683045-41slsp</subfield></datafield><datafield ind1=" " ind2=" " tag="035"><subfield code="a">(NEBIS)001419707EBI01</subfield></datafield><datafield ind1=" " ind2=" " tag="035"><subfield code="a">(EXLNZ-41SLSP_NETWORK)991088798959705501</subfield></datafield><datafield ind1=" " ind2=" " tag="040"><subfield code="a">SzZuIDS BS/BE A100</subfield><subfield code="b">ger</subfield><subfield code="e">kids</subfield><subfield code="d">CH-ZuSLS</subfield></datafield><datafield ind1="0" ind2=" " tag="041"><subfield code="a">eng</subfield><subfield code="a">fre</subfield></datafield><datafield ind1=" " ind2="7" tag="072"><subfield code="a">sl</subfield><subfield code="2">SzZuIDS BS/BE</subfield></datafield><datafield ind1=" " ind2="7" tag="072"><subfield code="a">sp</subfield><subfield code="2">rero</subfield></datafield><datafield ind1="0" ind2="0" tag="245"><subfield code="a">Canadian Slavonic papers</subfield><subfield code="b">an interdisciplinary quarterly devoted to the Central and Eastern Europe</subfield><subfield code="c">Canadian Association of Slavists = Revue canadienne des slavistes</subfield></datafield><datafield ind1="1" ind2="1" tag="246"><subfield code="a">Revue canadienne des slavistes</subfield></datafield><datafield ind1=" " ind2="1" tag="264"><subfield code="a">Toronto</subfield><subfield code="b">Canadian slavonic papers</subfield></datafield><datafield ind1=" " ind2=" " tag="300"><subfield code="a">Bände</subfield></datafield><datafield ind1=" " ind2=" " tag="310"><subfield code="a">Trimestriel</subfield></datafield><datafield ind1=" " ind2=" " tag="336"><subfield code="b">txt</subfield><subfield code="2">rdacontent</subfield></datafield><datafield ind1=" " ind2=" " tag="337"><subfield code="b">n</subfield><subfield code="2">rdamedia</subfield></datafield><datafield ind1=" " ind2=" " tag="338"><subfield code="b">nc</subfield><subfield code="2">rdacarrier</subfield></datafield><datafield ind1="0" ind2=" " tag="362"><subfield code="a">Vol. 1(1956)-&gt;</subfield></datafield><datafield ind1=" " ind2=" " tag="500"><subfield code="a">Nur abstracts unter: www.ualberta.ca/~csp</subfield></datafield><datafield ind1=" " ind2=" " tag="500"><subfield code="a">Ab 1976 darin einverleibt: Etudes slaves et est-européennes</subfield></datafield><datafield ind1=" " ind2=" " tag="500"><subfield code="a">Index for Vols. 16-30 (1974-1988) in: Vol. 32(1990)</subfield></datafield><datafield ind1=" " ind2=" " tag="500"><subfield code="a">Früherer Untertitel: an inter-disciplinary quarterly devoted to the Soviet Union and Eastern Europe</subfield></datafield><datafield ind1=" " ind2=" " tag="500"><subfield code="a">Ursprüngl. Impressum: Toronto: University of Toronto Press</subfield></datafield><datafield ind1=" " ind2=" " tag="580"><subfield code="a">Absorbe: Etudes slaves et est-européennes = Slavic and East-European studies</subfield></datafield><datafield ind1=" " ind2="7" tag="650"><subfield code="a">Slawische Literaturen</subfield><subfield code="v">Zeitschrift</subfield><subfield code="2">idsbb</subfield></datafield><datafield ind1=" " ind2="7" tag="650"><subfield code="a">Slawische Sprachen</subfield><subfield code="v">Zeitschrift</subfield><subfield code="2">idsbb</subfield></datafield><datafield ind1=" " ind2="7" tag="650"><subfield code="a">monde slave</subfield><subfield code="0">(RERO)A010010039</subfield><subfield code="2">rerovoc</subfield></datafield><datafield ind1=" " ind2="7" tag="650"><subfield code="a">Slave (peuple)</subfield><subfield code="0">(RERO)A010028809</subfield><subfield code="2">rerovoc</subfield></datafield><datafield ind1=" " ind2="7" tag="650"><subfield code="a">Littérature slave</subfield><subfield code="0">(IDREF)027354229</subfield><subfield code="2">idref</subfield></datafield><datafield ind1=" " ind2="7" tag="650"><subfield code="a">EASTERN AND CENTRAL EUROPE</subfield><subfield code="9">eng</subfield><subfield code="0">(ETHUDK)000010223</subfield><subfield code="2">ethudk</subfield></datafield><datafield ind1=" " ind2="7" tag="650"><subfield code="a">ECONOMIC ASPECTS + FINANCIAL ASPECTS (GENERAL)</subfield><subfield code="9">eng</subfield><subfield code="0">(ETHUDK)000043308</subfield><subfield code="2">ethudk</subfield></datafield><datafield ind1=" " ind2="7" tag="650"><subfield code="a">ETHNOLOGY + CULTURAL ANTHROPOLOGY</subfield><subfield code="9">eng</subfield><subfield code="0">(ETHUDK)000012312</subfield><subfield code="2">ethudk</subfield></datafield><datafield ind1=" " ind2="7" tag="650"><subfield code="a">HISTORY</subfield><subfield code="9">eng</subfield><subfield code="0">(ETHUDK)000036805</subfield><subfield code="2">ethudk</subfield></datafield><datafield ind1=" " ind2="7" tag="650"><subfield code="a">HUMANITIES RESEARCH</subfield><subfield code="9">eng</subfield><subfield code="0">(ETHUDK)000043765</subfield><subfield code="2">ethudk</subfield></datafield><datafield ind1=" " ind2="7" tag="650"><subfield code="a">PHILOSOPHICAL RESEARCH</subfield><subfield code="9">eng</subfield><subfield code="0">(ETHUDK)000043332</subfield><subfield code="2">ethudk</subfield></datafield><datafield ind1=" " ind2="7" tag="650"><subfield code="a">POLITICAL RESEARCH</subfield><subfield code="9">eng</subfield><subfield code="0">(ETHUDK)000063663</subfield><subfield code="2">ethudk</subfield></datafield><datafield ind1=" " ind2="7" tag="650"><subfield code="a">SOCIOLINGUISTICS</subfield><subfield code="9">eng</subfield><subfield code="0">(ETHUDK)000036173</subfield><subfield code="2">ethudk</subfield></datafield><datafield ind1=" " ind2="7" tag="650"><subfield code="a">SOCIOLOGICAL RESEARCH</subfield><subfield code="9">eng</subfield><subfield code="0">(ETHUDK)000043307</subfield><subfield code="2">ethudk</subfield></datafield><datafield ind1=" " ind2="7" tag="655"><subfield code="a">Périodiques</subfield><subfield code="0">(IDREF)02724640X</subfield><subfield code="2">idref</subfield></datafield><datafield ind1=" " ind2="7" tag="655"><subfield code="a">Zeitschrift</subfield><subfield code="2">gnd-content</subfield></datafield><datafield ind1="2" ind2=" " tag="710"><subfield code="a">Association canadienne des slavistes</subfield><subfield code="0">(IDREF)156481952</subfield></datafield><datafield ind1="2" ind2=" " tag="710"><subfield code="a">Canadian Association of Slavists</subfield><subfield code="0">(DE-588)1000512-2</subfield></datafield><datafield ind1="0" ind2="0" tag="780"><subfield code="t">Etudes slaves et est-européennes</subfield><subfield code="w">(RERO)0567265-41slsp</subfield></datafield><datafield ind1="0" ind2=" " tag="770"><subfield code="t">Index 1956/73</subfield></datafield><datafield ind1="0" ind2="5" tag="780"><subfield code="t">Etudes slaves et est-européennes</subfield><subfield code="w">(NEBIS)010173409EBI01</subfield></datafield><datafield ind1="0" ind2="8" tag="776"><subfield code="i">Erscheint auch als</subfield><subfield code="n">Online-Ausgabe</subfield><subfield code="t">Canadian Slavonic papers</subfield><subfield code="x">2375-2475</subfield></datafield><datafield ind1="0" ind2="5" tag="780"><subfield code="t">Études slaves et est-européennes / Slavic and East-European studies</subfield></datafield><datafield ind1=" " ind2=" " tag="900"><subfield code="a">REROnoselfmerge</subfield></datafield><datafield ind1=" " ind2=" " tag="900"><subfield code="a">IDSZ2zbzzss201406l</subfield><subfield code="c">IDSZ2tann</subfield></datafield><datafield ind1=" " ind2=" " tag="900"><subfield code="a">NEBISnoselfmerge</subfield></datafield></record>
</metadata></record>