<record><header><identifier>oai:alma.41SLSP_UGE:991000000609705502</identifier><datestamp>2024-09-13T00:08:21Z</datestamp><setSpec>uge_bcen_RapidILL_BOOK</setSpec><setSpec>uge_aaca_RapidILL_BOOK</setSpec><setSpec>uge_abels_RapidILL_BOOK</setSpec><setSpec>uge_dbu_RapidILL_BOOK</setSpec><setSpec>uge_cmu_RapidILL_BOOK</setSpec><setSpec>uge_mail_RapidILL_BOOK</setSpec><setSpec>uge_abbat_RapidILL_BOOK</setSpec><setSpec>UNIGE_ALL</setSpec><setSpec>uge_aobs_RapidILL_BOOK</setSpec><setSpec>uge_acar_RapidILL_BOOK</setSpec></header><metadata>
<record xmlns="http://www.loc.gov/MARC21/slim" xmlns:xsi="http://www.w3.org/2001/XMLSchema-instance" xsi:schemaLocation="http://www.loc.gov/MARC21/slim http://www.loc.gov/standards/marcxml/schema/MARC21slim.xsd"><leader>01261nam a2200289 c 4500</leader><controlfield tag="001">991000000609705502</controlfield><controlfield tag="005">20240912195102.0</controlfield><controlfield tag="008">201012s1964    gw ||||| |||| 00| ||ger d</controlfield><datafield ind1=" " ind2=" " tag="035"><subfield code="a">(swissbib)235444960-41slsp_network</subfield></datafield><datafield ind1=" " ind2=" " tag="035"><subfield code="a">235444960</subfield><subfield code="9">ExL</subfield></datafield><datafield ind1=" " ind2=" " tag="035"><subfield code="a">(RERO)1005960-41slsp</subfield></datafield><datafield ind1=" " ind2=" " tag="035"><subfield code="a">(IDSBB)001079895DSV01</subfield></datafield><datafield ind1=" " ind2=" " tag="035"><subfield code="a">(NEBIS)004381357EBI01</subfield></datafield><datafield ind1=" " ind2=" " tag="035"><subfield code="a">(EXLNZ-41SLSP_NETWORK)991072617899705501</subfield></datafield><datafield ind1=" " ind2=" " tag="040"><subfield code="a">RERO lausst</subfield><subfield code="d">CH-ZuSLS</subfield></datafield><datafield ind1=" " ind2="7" tag="072"><subfield code="a">st</subfield><subfield code="2">rero</subfield></datafield><datafield ind1=" " ind2="7" tag="072"><subfield code="a">ge</subfield><subfield code="2">SzZuIDS BS/BE</subfield></datafield><datafield ind1="1" ind2=" " tag="100"><subfield code="6">880-01</subfield><subfield code="a">Braun, Horst</subfield><subfield code="c">géologue</subfield><subfield code="0">(IDREF)033417601</subfield><subfield code="4">cre</subfield></datafield><datafield ind1="1" ind2=" " tag="880"><subfield code="a">Braun, Horst</subfield><subfield code="0">(DE-588)170633586</subfield><subfield code="6">100-01</subfield></datafield><datafield ind1="1" ind2="0" tag="245"><subfield code="a">Zur Entstehung der Marin-sedimentären Eisenerze</subfield><subfield code="b">die Faziestypen und ihre physikochemischen und paläogeographischen Voraussetzungen mit Parallelisierung von charakteristischen Mineralbeständen und chemischen Analysen</subfield><subfield code="c">von Horst Braun</subfield></datafield><datafield ind1=" " ind2="1" tag="264"><subfield code="a">Berlin-Nikolassee</subfield><subfield code="b">Bornträger</subfield><subfield code="c">1964</subfield></datafield><datafield ind1=" " ind2=" " tag="300"><subfield code="a">VI, 133, XV p.</subfield><subfield code="b">ill.</subfield><subfield code="c">25 cm</subfield></datafield><datafield ind1=" " ind2=" " tag="336"><subfield code="b">txt</subfield><subfield code="2">rdacontent</subfield></datafield><datafield ind1=" " ind2=" " tag="337"><subfield code="b">n</subfield><subfield code="2">rdamedia</subfield></datafield><datafield ind1=" " ind2=" " tag="338"><subfield code="b">nc</subfield><subfield code="2">rdacarrier</subfield></datafield><datafield ind1="1" ind2=" " tag="490"><subfield code="a">Clausthaler Hefte zur Lagerstättenkunde und Geochemie der mineralischen Rohstoffe</subfield><subfield code="v">H. 2</subfield></datafield><datafield ind1=" " ind2=" " tag="830"><subfield code="a">Clausthaler Hefte zur Lagerstättenkunde und Geochemie der mineralischen Rohstoffe</subfield><subfield code="v">2</subfield><subfield code="w">(IDSBB)000974050DSV01</subfield></datafield><datafield ind1=" " ind2=" " tag="900"><subfield code="a">REROnoselfmerge</subfield></datafield></record>
</metadata></record>