<record><header><identifier>oai:alma.41SLSP_UGE:991000000469705502</identifier><datestamp>2023-03-01T01:08:51Z</datestamp><setSpec>uge_bcen_RapidILL_BOOK</setSpec><setSpec>uge_aaca_RapidILL_BOOK</setSpec><setSpec>uge_abels_RapidILL_BOOK</setSpec><setSpec>uge_dbu_RapidILL_BOOK</setSpec><setSpec>uge_cmu_RapidILL_BOOK</setSpec><setSpec>uge_mail_RapidILL_BOOK</setSpec><setSpec>UNIGE_ALL</setSpec><setSpec>uge_abbat_RapidILL_BOOK</setSpec><setSpec>uge_aobs_RapidILL_BOOK</setSpec><setSpec>uge_acar_RapidILL_BOOK</setSpec></header><metadata>
<record xmlns="http://www.loc.gov/MARC21/slim" xmlns:xsi="http://www.w3.org/2001/XMLSchema-instance" xsi:schemaLocation="http://www.loc.gov/MARC21/slim http://www.loc.gov/standards/marcxml/schema/MARC21slim.xsd"><leader>02625nam a2200301 c 4500</leader><controlfield tag="001">991000000469705502</controlfield><controlfield tag="005">20201225185301.0</controlfield><controlfield tag="008">010122s1959    ru ||||| |||| 00| ||rus d</controlfield><datafield ind1=" " ind2=" " tag="035"><subfield code="a">(swissbib)081223242-41slsp_network</subfield></datafield><datafield ind1=" " ind2=" " tag="035"><subfield code="a">081223242</subfield><subfield code="9">ExL</subfield></datafield><datafield ind1=" " ind2=" " tag="035"><subfield code="a">(RERO)0769521-41slsp</subfield></datafield><datafield ind1=" " ind2=" " tag="035"><subfield code="a">(EXLNZ-41SLSP_NETWORK)991103769599705501</subfield></datafield><datafield ind1=" " ind2=" " tag="040"><subfield code="a">RERO geudbu</subfield><subfield code="d">CH-ZuSLS</subfield></datafield><datafield ind1=" " ind2="7" tag="072"><subfield code="a">ru</subfield><subfield code="2">rero</subfield></datafield><datafield ind1="1" ind2=" " tag="100"><subfield code="6">880-01</subfield><subfield code="a">Šaginân, Mariètta Sergeevna</subfield><subfield code="d">1888-1982</subfield><subfield code="0">(IDREF)035274999</subfield><subfield code="4">cre</subfield></datafield><datafield ind1="1" ind2=" " tag="880"><subfield code="6">100-01/(N</subfield><subfield code="a">Шагинян, Мариэтта Сергеевна</subfield><subfield code="d">1888-1982</subfield></datafield><datafield ind1="1" ind2="0" tag="245"><subfield code="6">880-02</subfield><subfield code="a">Semʹi︠a︡ Ulʹi︠a︡novykh</subfield><subfield code="b">; Ocherki, staʹti, vospominanii︠a︡</subfield><subfield code="c">Mariėtta Shagini︠a︡n</subfield></datafield><datafield ind1="1" ind2="0" tag="880"><subfield code="6">245-02/(N</subfield><subfield code="a">Семья Ульяновых</subfield><subfield code="b">Очерки, статьи, воспоминания</subfield><subfield code="c">Мариэтта Шагинян</subfield></datafield><datafield ind1="1" ind2=" " tag="246"><subfield code="a">Semʹja Ulʹjanovych</subfield><subfield code="b">Očerki, staʹti, vospominanija / Mariėtta Šaginjan</subfield></datafield><datafield ind1=" " ind2="1" tag="264"><subfield code="6">880-03</subfield><subfield code="a">Moskva</subfield><subfield code="b">Gos. izd. chudožestvennoj literatury</subfield><subfield code="c">1959</subfield></datafield><datafield ind1=" " ind2="1" tag="880"><subfield code="6">264-03/(N</subfield><subfield code="a">Москва</subfield><subfield code="b">Гос. изд. художественной литературы</subfield><subfield code="c">1959</subfield></datafield><datafield ind1=" " ind2=" " tag="300"><subfield code="a">685 p.</subfield><subfield code="c">21 cm</subfield></datafield><datafield ind1=" " ind2=" " tag="336"><subfield code="b">txt</subfield><subfield code="2">rdacontent</subfield></datafield><datafield ind1=" " ind2=" " tag="337"><subfield code="b">n</subfield><subfield code="2">rdamedia</subfield></datafield><datafield ind1=" " ind2=" " tag="338"><subfield code="b">nc</subfield><subfield code="2">rdacarrier</subfield></datafield><datafield ind1="1" ind2=" " tag="700"><subfield code="a">Shagini︠a︡n, Mariėtta Sergeevna</subfield><subfield code="d">1888-1982</subfield></datafield><datafield ind1="1" ind2="2" tag="700"><subfield code="6">880-04</subfield><subfield code="a">Shagini︠a︡n, Mariėtta Sergeevna</subfield><subfield code="d">1888-1982</subfield><subfield code="t">Ocherki, statʹi, vospominanii︠a︡</subfield></datafield><datafield ind1="1" ind2="2" tag="880"><subfield code="6">700-04/(N</subfield><subfield code="a">Шагинян, Мариэтта Сергеевна</subfield><subfield code="d">1888-1982</subfield><subfield code="t">Очерки, статьи, воспоминания</subfield></datafield><datafield ind1=" " ind2=" " tag="900"><subfield code="a">REROnoselfmerge</subfield></datafield></record>
</metadata></record>