<record><header><identifier>oai:alma.41SLSP_UGE:991000000159705502</identifier><datestamp>2023-03-03T01:08:27Z</datestamp><setSpec>uge_bcen_RapidILL_BOOK</setSpec><setSpec>uge_aaca_RapidILL_BOOK</setSpec><setSpec>uge_abels_RapidILL_BOOK</setSpec><setSpec>uge_dbu_RapidILL_BOOK</setSpec><setSpec>uge_cmu_RapidILL_BOOK</setSpec><setSpec>uge_mail_RapidILL_BOOK</setSpec><setSpec>uge_abbat_RapidILL_BOOK</setSpec><setSpec>UNIGE_ALL</setSpec><setSpec>uge_acar_RapidILL_BOOK</setSpec><setSpec>uge_aobs_RapidILL_BOOK</setSpec></header><metadata>
<record xmlns="http://www.loc.gov/MARC21/slim" xmlns:xsi="http://www.w3.org/2001/XMLSchema-instance" xsi:schemaLocation="http://www.loc.gov/MARC21/slim http://www.loc.gov/standards/marcxml/schema/MARC21slim.xsd"><leader>02726nam a2200385 c 4500</leader><controlfield tag="001">991000000159705502</controlfield><controlfield tag="005">20230302192207.0</controlfield><controlfield tag="008">080124s2007    fr ||||| |||| 00| ||fre d</controlfield><datafield ind1=" " ind2=" " tag="020"><subfield code="a">9782804155322</subfield></datafield><datafield ind1="7" ind2=" " tag="024"><subfield code="a">http://catalogue.bnf.fr/ark:/12148/cb411594541</subfield><subfield code="2">uri</subfield></datafield><datafield ind1=" " ind2=" " tag="035"><subfield code="a">(swissbib)106326317-41slsp_network</subfield></datafield><datafield ind1=" " ind2=" " tag="035"><subfield code="a">106326317</subfield><subfield code="9">ExL</subfield></datafield><datafield ind1=" " ind2=" " tag="035"><subfield code="a">(RERO)R004634366-41slsp</subfield></datafield><datafield ind1=" " ind2=" " tag="035"><subfield code="a">(EXLNZ-41SLSP_NETWORK)991127692089705501</subfield></datafield><datafield ind1=" " ind2=" " tag="040"><subfield code="a">RERO geies-</subfield><subfield code="d">CH-ZuSLS</subfield></datafield><datafield ind1=" " ind2="7" tag="072"><subfield code="a">ps</subfield><subfield code="2">rero</subfield></datafield><datafield ind1="1" ind2=" " tag="080"><subfield code="a">393-053.2</subfield></datafield><datafield ind1="1" ind2=" " tag="100"><subfield code="a">Oppenheim, Daniel</subfield><subfield code="0">(RERO)A003656959</subfield><subfield code="4">cre</subfield></datafield><datafield ind1="1" ind2="0" tag="245"><subfield code="a">Parents</subfield><subfield code="b">comment parler de la mort avec votre enfant?</subfield><subfield code="c">Daniel Oppenheim</subfield></datafield><datafield ind1=" " ind2="1" tag="264"><subfield code="a">Bruxelles</subfield><subfield code="b">De Boeck</subfield><subfield code="c">2007</subfield></datafield><datafield ind1=" " ind2=" " tag="300"><subfield code="a">168 p.</subfield></datafield><datafield ind1=" " ind2=" " tag="336"><subfield code="b">txt</subfield><subfield code="2">rdacontent</subfield></datafield><datafield ind1=" " ind2=" " tag="337"><subfield code="b">n</subfield><subfield code="2">rdamedia</subfield></datafield><datafield ind1=" " ind2=" " tag="338"><subfield code="b">nc</subfield><subfield code="2">rdacarrier</subfield></datafield><datafield ind1=" " ind2=" " tag="385"><subfield code="a">Parents</subfield><subfield code="2">rero</subfield></datafield><datafield ind1="0" ind2=" " tag="490"><subfield code="a">Parentalités</subfield></datafield><datafield ind1=" " ind2=" " tag="504"><subfield code="a">Bibliogr.</subfield></datafield><datafield ind1="8" ind2=" " tag="520"><subfield code="a">La mort fait partie de la vie et les enfants, comme les adultes, y sont inévitablement confrontés. Le questionnement sur la mort s'inscrit dans le développement intellectuel, affectif et social de tout enfant, et encore plus à l'adolescence. Les circonstances (maladie grave ou décès dans la famille, faits divers, catastrophes naturelles, guerres, etc.) donnent souvent une intensité particulière à cette réflexion. Les parents, ainsi que les adultes s'occupant d'enfants et d'adolescents, ne sont pas toujours à l'aise pour les accompagner dans leur réflexion ni pour les aider à se confronter aux situations difficiles. L'auteur a voulu leur transmettre, sur ces questions, sa longue et riche expérience de dialogue avec les enfants et les parents. C'est la maladie grave, la fin de vie ou la mort du grand-père qui ont été choisies, le plus souvent, pour aborder de façon concrète et détaillée ces questions relatives à la mort. Un chapitre est consacré à la situation particulièrement difficile de l'enfant qui peut mourir. La maladie grave ou la mort d'un frère ou d'un parent sont aussi discutées. Nous espérons que ce livre aidera les parents à dialoguer avec les enfants et les adolescents sur ces questions et dans ces situations si fréquentes, mais aussi qu'ils y trouveront une ample matière à discuter avec eux sur le sens et la valeur de la vie, et sur la place des vivants et des morts dans l'histoire de la famille</subfield><subfield code="5">RERO/njhep-/09.2011</subfield></datafield><datafield ind1=" " ind2="7" tag="650"><subfield code="a">Deuil</subfield><subfield code="0">(IDREF)027661296</subfield><subfield code="2">idref</subfield></datafield><datafield ind1=" " ind2="7" tag="650"><subfield code="a">Psychologie</subfield><subfield code="0">(IDREF)027346900</subfield><subfield code="2">idref</subfield></datafield><datafield ind1=" " ind2="7" tag="650"><subfield code="a">Mort</subfield><subfield code="0">(IDREF)027239861</subfield><subfield code="2">idref</subfield></datafield><datafield ind1=" " ind2="7" tag="650"><subfield code="a">Parole</subfield><subfield code="0">(IDREF)027245780</subfield><subfield code="2">idref</subfield></datafield><datafield ind1=" " ind2="7" tag="650"><subfield code="a">Accompagnement individuel</subfield><subfield code="0">(IDREF)120299569</subfield><subfield code="2">idref</subfield></datafield><datafield ind1=" " ind2="7" tag="650"><subfield code="a">Enfants</subfield><subfield code="0">(IDREF)027233278</subfield><subfield code="2">idref</subfield></datafield><datafield ind1=" " ind2="7" tag="650"><subfield code="a">Parents</subfield><subfield code="0">(IDREF)127290346</subfield><subfield code="2">idref</subfield></datafield><datafield ind1=" " ind2=" " tag="900"><subfield code="a">REROnoselfmerge</subfield></datafield></record>
</metadata></record>