<record><header><identifier>oai:alma.41SLSP_UGE:991000000369705502</identifier><datestamp>2023-12-15T01:23:35Z</datestamp><setSpec>uge_bcen_RapidILL_BOOK</setSpec><setSpec>uge_aaca_RapidILL_BOOK</setSpec><setSpec>uge_abels_RapidILL_BOOK</setSpec><setSpec>uge_dbu_RapidILL_BOOK</setSpec><setSpec>uge_cmu_RapidILL_BOOK</setSpec><setSpec>uge_mail_RapidILL_BOOK</setSpec><setSpec>uge_abbat_RapidILL_BOOK</setSpec><setSpec>UNIGE_ALL</setSpec><setSpec>uge_acar_RapidILL_BOOK</setSpec><setSpec>uge_aobs_RapidILL_BOOK</setSpec></header><metadata>
<record xmlns="http://www.loc.gov/MARC21/slim" xmlns:xsi="http://www.w3.org/2001/XMLSchema-instance" xsi:schemaLocation="http://www.loc.gov/MARC21/slim http://www.loc.gov/standards/marcxml/schema/MARC21slim.xsd"><leader>02547nam a2200697uc 4500</leader><controlfield tag="001">991000000369705502</controlfield><controlfield tag="005">20230217225311.0</controlfield><controlfield tag="008">201012s1998    gw ||||| |||| 00| ||mul d</controlfield><datafield ind1=" " ind2=" " tag="015"><subfield code="a">98,N08,0714</subfield></datafield><datafield ind1=" " ind2=" " tag="020"><subfield code="a">3110161249</subfield></datafield><datafield ind1=" " ind2=" " tag="035"><subfield code="a">(swissbib)239274938-41slsp_network</subfield></datafield><datafield ind1=" " ind2=" " tag="035"><subfield code="a">239274938</subfield><subfield code="9">ExL</subfield></datafield><datafield ind1=" " ind2=" " tag="035"><subfield code="a">(IDSBB)001499511DSV01</subfield></datafield><datafield ind1=" " ind2=" " tag="035"><subfield code="a">(RERO)R230505760-41slsp</subfield></datafield><datafield ind1=" " ind2=" " tag="035"><subfield code="a">(NEBIS)001895351EBI01</subfield></datafield><datafield ind1=" " ind2=" " tag="035"><subfield code="a">(EXLNZ-41SLSP_NETWORK)991095141639705501</subfield></datafield><datafield ind1=" " ind2=" " tag="040"><subfield code="a">SzZuIDS BS/BE B400</subfield><subfield code="b">ger</subfield><subfield code="e">kids</subfield><subfield code="d">CH-ZuSLS</subfield></datafield><datafield ind1="0" ind2=" " tag="041"><subfield code="a">eng</subfield><subfield code="a">grc</subfield></datafield><datafield ind1=" " ind2=" " tag="044"><subfield code="a">gw</subfield><subfield code="a">xxu</subfield></datafield><datafield ind1=" " ind2="7" tag="072"><subfield code="a">kp</subfield><subfield code="2">SzZuIDS BS/BE</subfield></datafield><datafield ind1=" " ind2="7" tag="072"><subfield code="a">gr</subfield><subfield code="2">rero</subfield></datafield><datafield ind1="1" ind2=" " tag="080"><subfield code="a">875PINDA7Nem</subfield></datafield><datafield ind1="0" ind2="0" tag="082"><subfield code="a">884/.01</subfield><subfield code="2">21</subfield></datafield><datafield ind1="0" ind2="4" tag="082"><subfield code="a">884 .01</subfield><subfield code="2">21</subfield></datafield><datafield ind1=" " ind2=" " tag="084"><subfield code="a">FH 22175</subfield><subfield code="2">rvk</subfield></datafield><datafield ind1="0" ind2=" " tag="100"><subfield code="a">Pindarus</subfield><subfield code="d">ca. 522 oder 518 v. Chr.-446 v. Chr.</subfield><subfield code="0">(DE-588)118594427</subfield></datafield><datafield ind1="1" ind2="0" tag="240"><subfield code="a">Nemea</subfield><subfield code="p">Lib. 9</subfield></datafield><datafield ind1="1" ind2="0" tag="245"><subfield code="a">&lt;&lt;A&gt;&gt; commentary on Pindar Nemean nine</subfield><subfield code="c">by Bruce Karl Braswell</subfield></datafield><datafield ind1=" " ind2="1" tag="264"><subfield code="a">Berlin [etc.]</subfield><subfield code="b">Walter de Gruyter</subfield><subfield code="c">1998</subfield></datafield><datafield ind1=" " ind2=" " tag="300"><subfield code="a">XVI, 204 S.</subfield><subfield code="c">24 cm</subfield></datafield><datafield ind1=" " ind2=" " tag="336"><subfield code="b">txt</subfield><subfield code="2">rdacontent</subfield></datafield><datafield ind1=" " ind2=" " tag="337"><subfield code="b">n</subfield><subfield code="2">rdamedia</subfield></datafield><datafield ind1=" " ind2=" " tag="338"><subfield code="b">nc</subfield><subfield code="2">rdacarrier</subfield></datafield><datafield ind1="1" ind2=" " tag="490"><subfield code="a">Texte und Kommentare</subfield><subfield code="v">Bd. 19</subfield></datafield><datafield ind1=" " ind2=" " tag="500"><subfield code="a">Originaltitel: Nemea, Lib. 9</subfield></datafield><datafield ind1=" " ind2=" " tag="504"><subfield code="a">Literaturverz.</subfield></datafield><datafield ind1="0" ind2="7" tag="600"><subfield code="a">Pindare.</subfield><subfield code="t">&quot;Néméennes.</subfield><subfield code="n">9&quot;</subfield><subfield code="2">rero</subfield></datafield><datafield ind1="1" ind2="7" tag="600"><subfield code="a">Pindar; Epinikia, Nemeia 9</subfield><subfield code="2">idszbz</subfield></datafield><datafield ind1="0" ind2="7" tag="600"><subfield code="a">Pindarus</subfield><subfield code="d">ca. 522 oder 518 v. Chr.-446 v. Chr.</subfield><subfield code="0">(DE-588)118594427</subfield><subfield code="2">gnd</subfield></datafield><datafield ind1="0" ind2="7" tag="600"><subfield code="a">Pindarus</subfield><subfield code="d">ca. 522 oder 518 v. Chr.-446 v. Chr.</subfield><subfield code="t">Nemea 9</subfield><subfield code="0">(DE-588)4502421-2</subfield><subfield code="2">gnd</subfield></datafield><datafield ind1="0" ind2="0" tag="600"><subfield code="a">Chromios</subfield><subfield code="c">of Aitna</subfield></datafield><datafield ind1="0" ind2="0" tag="600"><subfield code="a">Chromios</subfield><subfield code="c">of Aitna</subfield><subfield code="x">In literature</subfield></datafield><datafield ind1="0" ind2="0" tag="600"><subfield code="a">Pindar</subfield><subfield code="t">Nemean odes</subfield><subfield code="n">9</subfield></datafield><datafield ind1="0" ind2="0" tag="600"><subfield code="6">880-01</subfield><subfield code="a">Pindar</subfield><subfield code="t">Nemean odes</subfield><subfield code="n">9</subfield></datafield><datafield ind1=" " ind2="7" tag="650"><subfield code="a">Kommentar</subfield><subfield code="0">(DE-588)4136710-8</subfield><subfield code="2">gnd</subfield></datafield><datafield ind1=" " ind2="0" tag="650"><subfield code="a">Generals</subfield></datafield><datafield ind1=" " ind2="0" tag="650"><subfield code="a">Generals</subfield><subfield code="z">Italy</subfield><subfield code="z">Sicily</subfield><subfield code="v">Biography</subfield></datafield><datafield ind1=" " ind2="0" tag="650"><subfield code="a">Generals</subfield><subfield code="z">Italy</subfield><subfield code="z">Sicily</subfield><subfield code="x">Biography</subfield></datafield><datafield ind1=" " ind2="0" tag="650"><subfield code="a">Laudatory poetry, Greek</subfield></datafield><datafield ind1=" " ind2="0" tag="650"><subfield code="a">Laudatory poetry, Greek</subfield><subfield code="x">History and criticism</subfield></datafield><datafield ind1=" " ind2="0" tag="650"><subfield code="a">Statesmen</subfield></datafield><datafield ind1=" " ind2="0" tag="650"><subfield code="a">Statesmen</subfield><subfield code="z">Italy</subfield><subfield code="z">Sicily</subfield><subfield code="v">Biography</subfield></datafield><datafield ind1=" " ind2="0" tag="650"><subfield code="a">Statesmen</subfield><subfield code="z">Italy</subfield><subfield code="z">Sicily</subfield><subfield code="x">Biography</subfield></datafield><datafield ind1=" " ind2="0" tag="651"><subfield code="a">Sicily (Italy)</subfield></datafield><datafield ind1=" " ind2="0" tag="651"><subfield code="a">Sicily (Italy)</subfield><subfield code="x">History</subfield><subfield code="y">To 800</subfield><subfield code="v">Biography</subfield></datafield><datafield ind1=" " ind2="0" tag="651"><subfield code="a">Sicily (Italy)</subfield><subfield code="x">History</subfield><subfield code="y">To 800</subfield><subfield code="x">Biography</subfield></datafield><datafield ind1=" " ind2="7" tag="655"><subfield code="a">Commentaire de texte</subfield><subfield code="0">(IDREF)27790681</subfield><subfield code="2">idref</subfield></datafield><datafield ind1="1" ind2=" " tag="700"><subfield code="a">Braswell, Bruce Karl</subfield><subfield code="d">1933-2013</subfield><subfield code="0">(DE-588)131388835</subfield><subfield code="6">880-02</subfield></datafield><datafield ind1="1" ind2=" " tag="880"><subfield code="6">700-02</subfield><subfield code="a">Braswell, Bruce Karl</subfield><subfield code="d">1933-2013</subfield><subfield code="0">(IDREF)03025728X</subfield><subfield code="4">cre</subfield></datafield><datafield ind1=" " ind2="0" tag="830"><subfield code="a">Texte und Kommentare</subfield><subfield code="v">19</subfield><subfield code="w">(NEBIS)000987619EBI01</subfield></datafield><datafield ind1=" " ind2="0" tag="830"><subfield code="a">Texte und Kommentare</subfield><subfield code="v">19</subfield><subfield code="w">(RERO)0041325-41slsp</subfield></datafield><datafield ind1=" " ind2=" " tag="900"><subfield code="a">REROnoselfmerge</subfield></datafield></record>
</metadata></record>