<record><header><identifier>oai:alma.41SLSP_UGE:991000000639705502</identifier><datestamp>2023-03-01T01:08:51Z</datestamp><setSpec>UNIGE_ALL</setSpec></header><metadata>
<record xmlns="http://www.loc.gov/MARC21/slim" xmlns:xsi="http://www.w3.org/2001/XMLSchema-instance" xsi:schemaLocation="http://www.loc.gov/MARC21/slim http://www.loc.gov/standards/marcxml/schema/MARC21slim.xsd"><leader>01079njm a22003017c 4500</leader><controlfield tag="001">991000000639705502</controlfield><controlfield tag="005">20211017193357.0</controlfield><controlfield tag="007">sd b||||||||||</controlfield><controlfield tag="008">110129nuuuuuuuupl ||n |            und d</controlfield><datafield ind1="0" ind2="2" tag="028"><subfield code="a">Muza SX 2408</subfield></datafield><datafield ind1=" " ind2=" " tag="035"><subfield code="a">(swissbib)113547218-41slsp_network</subfield></datafield><datafield ind1=" " ind2=" " tag="035"><subfield code="a">113547218</subfield><subfield code="9">ExL</subfield></datafield><datafield ind1=" " ind2=" " tag="035"><subfield code="a">(RERO)R006019629-41slsp</subfield></datafield><datafield ind1=" " ind2=" " tag="035"><subfield code="a">(EXLNZ-41SLSP_NETWORK)991048922339705501</subfield></datafield><datafield ind1=" " ind2=" " tag="040"><subfield code="a">RERO geulmu</subfield><subfield code="d">CH-ZuSLS</subfield></datafield><datafield ind1=" " ind2="7" tag="072"><subfield code="a">mu</subfield><subfield code="2">rero</subfield></datafield><datafield ind1="1" ind2=" " tag="100"><subfield code="a">Stachowski, Marek</subfield><subfield code="d">1936-2004</subfield><subfield code="0">(RERO)A003856083</subfield><subfield code="4">cre</subfield></datafield><datafield ind1="1" ind2="0" tag="245"><subfield code="a">Warsawska Jesien-1984-Warsaw Autumn. Kronika dzwiekova Nr 1</subfield><subfield code="c">Marek Stachowski</subfield></datafield><datafield ind1=" " ind2="1" tag="264"><subfield code="a">Pologne</subfield><subfield code="b">[éditeur non identifié]</subfield><subfield code="c">[date de publication non identifiée]</subfield></datafield><datafield ind1=" " ind2=" " tag="300"><subfield code="a">1 disque sonore</subfield><subfield code="b">33 t.</subfield></datafield><datafield ind1=" " ind2=" " tag="336"><subfield code="b">prm</subfield><subfield code="2">rdacontent</subfield></datafield><datafield ind1=" " ind2=" " tag="337"><subfield code="b">s</subfield><subfield code="2">rdamedia</subfield></datafield><datafield ind1=" " ind2=" " tag="338"><subfield code="b">sd</subfield><subfield code="2">rdacarrier</subfield></datafield><datafield ind1="0" ind2=" " tag="490"><subfield code="a">Polskie Nagrania Warszawa</subfield></datafield><datafield ind1="1" ind2=" " tag="700"><subfield code="a">Boettcher, Wolfgang</subfield><subfield code="c">musicien</subfield><subfield code="d">1935-2021</subfield><subfield code="0">(IDREF)034784373</subfield></datafield><datafield ind1="1" ind2=" " tag="700"><subfield code="a">Hiolski, Andrzej</subfield><subfield code="d">1922-2000</subfield><subfield code="0">(IDREF)163241554</subfield></datafield><datafield ind1="1" ind2=" " tag="700"><subfield code="a">Katlewicz, Jerzy</subfield><subfield code="d">1927-....</subfield><subfield code="0">(IDREF)250613433</subfield></datafield><datafield ind1="1" ind2=" " tag="700"><subfield code="a">Trede-Boettcher, Ursula</subfield><subfield code="0">(RERO)A018759703</subfield></datafield><datafield ind1=" " ind2=" " tag="900"><subfield code="a">REROnoselfmerge</subfield></datafield><datafield ind1=" " ind2=" " tag="960"><subfield code="2">matmu</subfield><subfield code="a">Pologne ; XXe ; Contemporain ; Orchestre ; baryton, choeur &amp; orch ; vc &amp; po</subfield><subfield code="9">LOCAL</subfield></datafield></record>
</metadata></record>