<record><header><identifier>oai:alma.41SLSP_UGE:991000000579705502</identifier><datestamp>2023-05-23T00:22:20Z</datestamp><setSpec>uge_bcen_RapidILL_BOOK</setSpec><setSpec>uge_aaca_RapidILL_BOOK</setSpec><setSpec>uge_abels_RapidILL_BOOK</setSpec><setSpec>uge_dbu_RapidILL_BOOK</setSpec><setSpec>uge_cmu_RapidILL_BOOK</setSpec><setSpec>uge_mail_RapidILL_BOOK</setSpec><setSpec>uge_abbat_RapidILL_BOOK</setSpec><setSpec>UNIGE_ALL</setSpec><setSpec>uge_acar_RapidILL_BOOK</setSpec><setSpec>uge_aobs_RapidILL_BOOK</setSpec></header><metadata>
<record xmlns="http://www.loc.gov/MARC21/slim" xmlns:xsi="http://www.w3.org/2001/XMLSchema-instance" xsi:schemaLocation="http://www.loc.gov/MARC21/slim http://www.loc.gov/standards/marcxml/schema/MARC21slim.xsd"><leader>02324nam a2200613 c 4500</leader><controlfield tag="001">991000000579705502</controlfield><controlfield tag="005">20230516185205.0</controlfield><controlfield tag="008">201011s1975    gw ||||| |||| 00| ||ger d</controlfield><datafield ind1=" " ind2=" " tag="020"><subfield code="a">3406007597</subfield></datafield><datafield ind1=" " ind2=" " tag="035"><subfield code="a">(swissbib)212496697-41slsp_network</subfield></datafield><datafield ind1=" " ind2=" " tag="035"><subfield code="a">212496697</subfield><subfield code="9">ExL</subfield></datafield><datafield ind1=" " ind2=" " tag="035"><subfield code="a">(RERO)0069887-41slsp</subfield></datafield><datafield ind1=" " ind2=" " tag="035"><subfield code="a">(NEBIS)002961150EBI01</subfield></datafield><datafield ind1=" " ind2=" " tag="035"><subfield code="a">(IDSBB)000378287DSV01</subfield></datafield><datafield ind1=" " ind2=" " tag="035"><subfield code="a">(EXLNZ-41SLSP_NETWORK)991105746089705501</subfield></datafield><datafield ind1=" " ind2=" " tag="040"><subfield code="a">RERO</subfield><subfield code="d">CH-ZuSLS</subfield></datafield><datafield ind1=" " ind2="7" tag="072"><subfield code="a">ar</subfield><subfield code="2">rero</subfield></datafield><datafield ind1=" " ind2="7" tag="072"><subfield code="a">ur</subfield><subfield code="2">SzZuIDS BS/BE</subfield></datafield><datafield ind1=" " ind2="7" tag="072"><subfield code="a">et</subfield><subfield code="2">SzZuIDS BS/BE</subfield></datafield><datafield ind1="1" ind2=" " tag="080"><subfield code="a">904(382):73</subfield></datafield><datafield ind1="0" ind2="0" tag="082"><subfield code="a">938/.2</subfield><subfield code="2">19</subfield></datafield><datafield ind1="0" ind2="4" tag="082"><subfield code="a">739.27809382</subfield></datafield><datafield ind1="1" ind2="4" tag="082"><subfield code="a">930.150 9495</subfield><subfield code="2">22</subfield></datafield><datafield ind1="1" ind2="4" tag="082"><subfield code="a">930</subfield><subfield code="2">15</subfield></datafield><datafield ind1="1" ind2=" " tag="100"><subfield code="a">Kilian, Klaus</subfield><subfield code="0">(RERO)A003453662</subfield><subfield code="4">cre</subfield></datafield><datafield ind1="1" ind2="0" tag="245"><subfield code="a">Fibeln in Thessalien von der mykenischen bis zur archaischen Zeit</subfield><subfield code="c">von Klaus Kilian</subfield></datafield><datafield ind1=" " ind2="1" tag="264"><subfield code="a">Muenchen</subfield><subfield code="b">C.H. Beck'sche Verlagsbuchhandlung</subfield><subfield code="c">(1975)</subfield></datafield><datafield ind1=" " ind2=" " tag="300"><subfield code="a">VIII, 233 p., 99 p. de pl.</subfield><subfield code="b">fig.</subfield><subfield code="c">28 cm</subfield></datafield><datafield ind1=" " ind2=" " tag="336"><subfield code="b">txt</subfield><subfield code="2">rdacontent</subfield></datafield><datafield ind1=" " ind2=" " tag="337"><subfield code="b">n</subfield><subfield code="2">rdamedia</subfield></datafield><datafield ind1=" " ind2=" " tag="338"><subfield code="b">nc</subfield><subfield code="2">rdacarrier</subfield></datafield><datafield ind1="1" ind2=" " tag="490"><subfield code="a">Praehistorische Bronzefunde</subfield><subfield code="v">Abteilung 14, Bd 2</subfield></datafield><datafield ind1=" " ind2="7" tag="648"><subfield code="a">Geschichte 1580 v. Chr.-700 v. Chr</subfield><subfield code="2">gnd</subfield></datafield><datafield ind1=" " ind2="4" tag="648"><subfield code="a">Geschichte 1580 v. Chr.-700 v. Chr</subfield></datafield><datafield ind1=" " ind2="7" tag="650"><subfield code="a">fibule grecque antique</subfield><subfield code="0">(RERO)A010083080</subfield><subfield code="2">rerovoc</subfield></datafield><datafield ind1=" " ind2="7" tag="650"><subfield code="a">1400 av. J.-C.-478 av. J.-C.</subfield><subfield code="2">idref</subfield></datafield><datafield ind1=" " ind2="7" tag="650"><subfield code="a">fibule mycénienne</subfield><subfield code="0">(RERO)A010083083</subfield><subfield code="2">rerovoc</subfield></datafield><datafield ind1=" " ind2="7" tag="650"><subfield code="a">Civilisation mycénienne</subfield><subfield code="0">(IDREF)027554686</subfield><subfield code="2">idref</subfield></datafield><datafield ind1=" " ind2="7" tag="650"><subfield code="a">Bronzezeit</subfield><subfield code="0">(DE-588)4008357-3</subfield><subfield code="2">gnd</subfield></datafield><datafield ind1=" " ind2="7" tag="650"><subfield code="a">Fibel</subfield><subfield code="g">Gewandnadel</subfield><subfield code="0">(DE-588)4071199-7</subfield><subfield code="2">gnd</subfield></datafield><datafield ind1=" " ind2="0" tag="650"><subfield code="a">Fibulas (Jewelry)</subfield><subfield code="z">Greece</subfield><subfield code="z">Thessaly</subfield></datafield><datafield ind1=" " ind2="4" tag="650"><subfield code="a">Fibel</subfield></datafield><datafield ind1=" " ind2="7" tag="651"><subfield code="a">Thessalie (Grèce)</subfield><subfield code="0">(IDREF)027348040</subfield><subfield code="2">idref</subfield></datafield><datafield ind1=" " ind2="7" tag="651"><subfield code="a">Griechenland</subfield><subfield code="0">(DE-588)4022047-3</subfield><subfield code="2">gnd</subfield></datafield><datafield ind1=" " ind2="7" tag="651"><subfield code="a">Thessalien</subfield><subfield code="0">(DE-588)4059850-0</subfield><subfield code="2">gnd</subfield></datafield><datafield ind1=" " ind2="0" tag="651"><subfield code="a">Thessaly (Greece)</subfield></datafield><datafield ind1=" " ind2="0" tag="651"><subfield code="a">Thessaly (Greece)</subfield><subfield code="x">Antiquities</subfield></datafield><datafield ind1=" " ind2="4" tag="651"><subfield code="a">Thessalien</subfield></datafield><datafield ind1=" " ind2=" " tag="690"><subfield code="a">Bronzezeit / Einzelne Gebiete und Orte / Europa / Griechenland</subfield><subfield code="2">uzb-Z9</subfield></datafield><datafield ind1=" " ind2=" " tag="690"><subfield code="a">Fibel (Kunstgewerbe)</subfield><subfield code="2">uzb-Z9</subfield></datafield><datafield ind1=" " ind2=" " tag="690"><subfield code="a">Thessalien</subfield><subfield code="2">uzb-Z9</subfield></datafield><datafield ind1=" " ind2="7" tag="651"><subfield code="a">Grèce</subfield><subfield code="y">800-500 av. J.-C. (Époque archaïque)</subfield><subfield code="0">(IDREF)027433684</subfield><subfield code="2">idref</subfield></datafield><datafield ind1=" " ind2="0" tag="830"><subfield code="a">Prähistorische Bronzefunde</subfield><subfield code="v">14/2</subfield><subfield code="w">(IDSBB)000144881DSV01</subfield></datafield><datafield ind1=" " ind2="0" tag="830"><subfield code="a">Prähistorische Bronzefunde</subfield><subfield code="v">14/2</subfield><subfield code="w">(NEBIS)000995831EBI01</subfield></datafield><datafield ind1=" " ind2=" " tag="900"><subfield code="a">IDSZRMedeaZBZ</subfield></datafield></record>
</metadata></record>