<record><header><identifier>oai:alma.41SLSP_UGE:991000000039705502</identifier><datestamp>2023-11-27T01:23:48Z</datestamp><setSpec>UNIGE_ALL</setSpec></header><metadata>
<record xmlns="http://www.loc.gov/MARC21/slim" xmlns:xsi="http://www.w3.org/2001/XMLSchema-instance" xsi:schemaLocation="http://www.loc.gov/MARC21/slim http://www.loc.gov/standards/marcxml/schema/MARC21slim.xsd"><leader>00982ngm a2200277 c 4500</leader><controlfield tag="001">991000000039705502</controlfield><controlfield tag="005">20230625102936.0</controlfield><controlfield tag="007">vd |v||||</controlfield><controlfield tag="008">070202s2004    fr ||| |          v|fre d</controlfield><datafield ind1=" " ind2=" " tag="035"><subfield code="a">(swissbib)104703792-41slsp_network</subfield></datafield><datafield ind1=" " ind2=" " tag="035"><subfield code="a">104703792</subfield><subfield code="9">ExL</subfield></datafield><datafield ind1=" " ind2=" " tag="035"><subfield code="a">(RERO)R004322819-41slsp</subfield></datafield><datafield ind1=" " ind2=" " tag="035"><subfield code="a">(EXLNZ-41SLSP_NETWORK)991012951599705501</subfield></datafield><datafield ind1=" " ind2=" " tag="040"><subfield code="a">RERO labcud</subfield><subfield code="d">CH-ZuSLS</subfield></datafield><datafield ind1=" " ind2="7" tag="072"><subfield code="a">bt</subfield><subfield code="2">rero</subfield></datafield><datafield ind1="1" ind2=" " tag="100"><subfield code="a">Le Roy Ladurie, Emmanuel</subfield><subfield code="d">1929-2023</subfield><subfield code="0">(IDREF)026974851</subfield><subfield code="4">cre</subfield></datafield><datafield ind1="1" ind2="0" tag="245"><subfield code="a">&lt;&lt;Les&gt;&gt; 1000 années de la bibliothèque et du livre</subfield><subfield code="c">Emmanuel Le Roy Ladurie ; réal. Gilles L'Hôte</subfield></datafield><datafield ind1=" " ind2="1" tag="264"><subfield code="a">Paris</subfield><subfield code="b">Doriane films</subfield><subfield code="c">[2004]</subfield></datafield><datafield ind1=" " ind2=" " tag="300"><subfield code="a">1 DVD vidéo (62 min)</subfield></datafield><datafield ind1=" " ind2=" " tag="336"><subfield code="b">tdi</subfield><subfield code="2">rdacontent</subfield></datafield><datafield ind1=" " ind2=" " tag="337"><subfield code="b">v</subfield><subfield code="2">rdamedia</subfield></datafield><datafield ind1=" " ind2=" " tag="338"><subfield code="b">vd</subfield><subfield code="2">rdacarrier</subfield></datafield><datafield ind1="0" ind2=" " tag="490"><subfield code="a">Collège de France</subfield></datafield><datafield ind1="2" ind2="7" tag="610"><subfield code="a">Bibliothèque nationale de France (Paris)</subfield><subfield code="0">(RERO)A009967929</subfield><subfield code="2">rero</subfield></datafield><datafield ind1=" " ind2="7" tag="650"><subfield code="a">14e siècle-1993</subfield><subfield code="0">(RERO)A027030439</subfield><subfield code="2">rero</subfield></datafield><datafield ind1=" " ind2="7" tag="655"><subfield code="a">DVD</subfield><subfield code="2">idref</subfield><subfield code="0">(IDREF)035108444</subfield></datafield><datafield ind1="1" ind2=" " tag="700"><subfield code="a">L'Hôte, Gilles</subfield><subfield code="0">(RERO)A003485249</subfield></datafield></record>
</metadata></record>