<record><header><identifier>oai:alma.41SLSP_UGE:991000000759705502</identifier><datestamp>2023-03-01T01:08:51Z</datestamp><setSpec>uge_cmu_RapidILL_JOURNAL</setSpec><setSpec>uge_aobs_RapidILL_JOURNAL</setSpec><setSpec>uge_aaca_RapidILL_JOURNAL</setSpec><setSpec>uge_abbat_RapidILL_JOURNAL</setSpec><setSpec>uge_bcen_RapidILL_JOURNAL</setSpec><setSpec>uge_dbu_RapidILL_JOURNAL</setSpec><setSpec>uge_mail_RapidILL_JOURNAL</setSpec><setSpec>UNIGE_ALL</setSpec><setSpec>uge_abels_RapidILL_JOURNAL</setSpec><setSpec>uge_acar_RapidILL_JOURNAL</setSpec></header><metadata>
<record xmlns="http://www.loc.gov/MARC21/slim" xmlns:xsi="http://www.w3.org/2001/XMLSchema-instance" xsi:schemaLocation="http://www.loc.gov/MARC21/slim http://www.loc.gov/standards/marcxml/schema/MARC21slim.xsd"><leader>00881nas a22002297c 4500</leader><controlfield tag="001">991000000759705502</controlfield><controlfield tag="005">20201225182329.0</controlfield><controlfield tag="008">000928uuuuuuuuuxx || m|  ||| 0    0und d</controlfield><datafield ind1=" " ind2=" " tag="035"><subfield code="a">(swissbib)086036572-41slsp_network</subfield></datafield><datafield ind1=" " ind2=" " tag="035"><subfield code="a">086036572</subfield><subfield code="9">ExL</subfield></datafield><datafield ind1=" " ind2=" " tag="035"><subfield code="a">(RERO)1449752-41slsp</subfield></datafield><datafield ind1=" " ind2=" " tag="035"><subfield code="a">(EXLNZ-41SLSP_NETWORK)991044312199705501</subfield></datafield><datafield ind1=" " ind2=" " tag="040"><subfield code="a">RERO neuses</subfield><subfield code="d">CH-ZuSLS</subfield></datafield><datafield ind1="0" ind2="0" tag="245"><subfield code="a">Documentation européenne</subfield><subfield code="p">L'Europe en mouvement</subfield><subfield code="c">Commission des Communautés européennes</subfield></datafield><datafield ind1="1" ind2=" " tag="246"><subfield code="a">Europe en mouvement</subfield></datafield><datafield ind1=" " ind2="1" tag="264"><subfield code="a">Luxembourg</subfield><subfield code="b">Office des publications officielles des Communautés européennes</subfield></datafield><datafield ind1=" " ind2=" " tag="300"><subfield code="c">23 cm</subfield></datafield><datafield ind1=" " ind2=" " tag="336"><subfield code="b">txt</subfield><subfield code="2">rdacontent</subfield></datafield><datafield ind1=" " ind2=" " tag="337"><subfield code="b">n</subfield><subfield code="2">rdamedia</subfield></datafield><datafield ind1=" " ind2=" " tag="338"><subfield code="b">nc</subfield><subfield code="2">rdacarrier</subfield></datafield><datafield ind1=" " ind2=" " tag="500"><subfield code="a">Cette publication paraît aussi en allemand, anglais, danois, espagnol, français, grec, néerlandais et portugais</subfield></datafield><datafield ind1="2" ind2=" " tag="710"><subfield code="a">Communautés européennes</subfield><subfield code="b">Commission</subfield><subfield code="g">1965-1993</subfield><subfield code="0">(IDREF)026436604</subfield></datafield><datafield ind1=" " ind2=" " tag="900"><subfield code="a">REROnoselfmerge</subfield></datafield></record>
</metadata></record>