<record><header><identifier>oai:alma.41SLSP_UGE:991000000569705502</identifier><datestamp>2023-07-20T00:15:42Z</datestamp><setSpec>uge_bcen_RapidILL_BOOK</setSpec><setSpec>uge_aaca_RapidILL_BOOK</setSpec><setSpec>uge_abels_RapidILL_BOOK</setSpec><setSpec>uge_dbu_RapidILL_BOOK</setSpec><setSpec>uge_cmu_RapidILL_BOOK</setSpec><setSpec>uge_mail_RapidILL_BOOK</setSpec><setSpec>uge_abbat_RapidILL_BOOK</setSpec><setSpec>UNIGE_ALL</setSpec><setSpec>uge_acar_RapidILL_BOOK</setSpec><setSpec>uge_aobs_RapidILL_BOOK</setSpec></header><metadata>
<record xmlns="http://www.loc.gov/MARC21/slim" xmlns:xsi="http://www.w3.org/2001/XMLSchema-instance" xsi:schemaLocation="http://www.loc.gov/MARC21/slim http://www.loc.gov/standards/marcxml/schema/MARC21slim.xsd"><leader>07295nam a2201141 c 4500</leader><controlfield tag="001">991000000569705502</controlfield><controlfield tag="005">20230718165958.0</controlfield><controlfield tag="008">201012s2013    sz ||||| |||| 00| ||ger d</controlfield><datafield ind1=" " ind2=" " tag="020"><subfield code="a">9783725568284</subfield><subfield code="c">Paperback Preisinfo : 45,00 Eur[D] / 62,00 CHF UVP</subfield></datafield><datafield ind1=" " ind2=" " tag="035"><subfield code="a">(swissbib)235477370-41slsp_network</subfield></datafield><datafield ind1=" " ind2=" " tag="035"><subfield code="a">235477370</subfield><subfield code="9">ExL</subfield></datafield><datafield ind1=" " ind2=" " tag="035"><subfield code="a">(RERO)R007319447-41slsp</subfield></datafield><datafield ind1=" " ind2=" " tag="035"><subfield code="a">(IDSLU)001114597ILU01</subfield></datafield><datafield ind1=" " ind2=" " tag="035"><subfield code="a">(IDSBB)006137969DSV01</subfield></datafield><datafield ind1=" " ind2=" " tag="035"><subfield code="a">(NEBIS)009790574EBI01</subfield></datafield><datafield ind1=" " ind2=" " tag="035"><subfield code="a">(IDSSG)000583132HSB01</subfield></datafield><datafield ind1=" " ind2=" " tag="035"><subfield code="a">(EXLNZ-41SLSP_NETWORK)991132786769705501</subfield></datafield><datafield ind1=" " ind2=" " tag="040"><subfield code="a">SzZuIDS HSG</subfield><subfield code="d">CH-ZuSLS</subfield></datafield><datafield ind1=" " ind2=" " tag="044"><subfield code="a">sz</subfield><subfield code="c">ch-zh</subfield></datafield><datafield ind1=" " ind2="7" tag="072"><subfield code="a">dr</subfield><subfield code="2">rero</subfield></datafield><datafield ind1=" " ind2="7" tag="072"><subfield code="a">807</subfield><subfield code="2">IDS LU</subfield></datafield><datafield ind1=" " ind2="7" tag="072"><subfield code="a">822</subfield><subfield code="2">IDS LU</subfield></datafield><datafield ind1=" " ind2="7" tag="072"><subfield code="a">812</subfield><subfield code="2">IDS LU</subfield></datafield><datafield ind1=" " ind2="7" tag="072"><subfield code="a">rw</subfield><subfield code="2">SzZuIDS BS/BE</subfield></datafield><datafield ind1=" " ind2="7" tag="072"><subfield code="a">uw</subfield><subfield code="2">SzZuIDS BS/BE</subfield></datafield><datafield ind1="1" ind2="4" tag="082"><subfield code="a">340</subfield><subfield code="2">15</subfield></datafield><datafield ind1=" " ind2=" " tag="084"><subfield code="a">CA/CE 59 h</subfield><subfield code="2">cjurrom</subfield></datafield><datafield ind1=" " ind2=" " tag="084"><subfield code="a">CA/CH 59 h</subfield><subfield code="2">cjurrom</subfield></datafield><datafield ind1=" " ind2=" " tag="084"><subfield code="a">CA/CH 59.1 h</subfield><subfield code="2">cjurrom</subfield></datafield><datafield ind1="1" ind2=" " tag="100"><subfield code="6">880-01</subfield><subfield code="a">Epiney, Astrid</subfield><subfield code="d">1965-....</subfield><subfield code="0">(IDREF)059536926</subfield><subfield code="4">cre</subfield></datafield><datafield ind1="1" ind2=" " tag="880"><subfield code="a">Epiney, Astrid</subfield><subfield code="d">1965-</subfield><subfield code="0">(DE-588)112712843</subfield><subfield code="6">100-01</subfield></datafield><datafield ind1="1" ind2="0" tag="245"><subfield code="a">Zur Implementierung des Smaragd-Netzwerks in der Schweiz</subfield><subfield code="b">Perspektiven der Einbindung der Schweiz in ein europäisches Naturschutzgebietsnetz</subfield><subfield code="c">Astrid Epiney, Markus Kern, Stefan Diezig</subfield></datafield><datafield ind1=" " ind2="1" tag="264"><subfield code="a">Zürich</subfield><subfield code="b">Schulthess</subfield><subfield code="c">2013</subfield></datafield><datafield ind1=" " ind2=" " tag="300"><subfield code="a">123 S.</subfield><subfield code="c">23 cm</subfield></datafield><datafield ind1=" " ind2=" " tag="336"><subfield code="b">txt</subfield><subfield code="2">rdacontent</subfield></datafield><datafield ind1=" " ind2=" " tag="337"><subfield code="b">n</subfield><subfield code="2">rdamedia</subfield></datafield><datafield ind1=" " ind2=" " tag="338"><subfield code="b">nc</subfield><subfield code="2">rdacarrier</subfield></datafield><datafield ind1="1" ind2=" " tag="490"><subfield code="a">Forum Europarecht</subfield><subfield code="v">28</subfield></datafield><datafield ind1=" " ind2=" " tag="504"><subfield code="a">Literaturverz.</subfield></datafield><datafield ind1="2" ind2="7" tag="610"><subfield code="a">Union européenne</subfield><subfield code="0">(IDREF)032486324</subfield><subfield code="2">idref</subfield></datafield><datafield ind1="2" ind2="7" tag="610"><subfield code="a">Conseil de l'Europe</subfield><subfield code="0">(IDREF)027230783</subfield><subfield code="2">idref</subfield></datafield><datafield ind1="2" ind2="7" tag="611"><subfield code="a">Convention de Berne relative à la conservation de la vie sauvage et du milieu naturel de l'Europe</subfield><subfield code="d">1979</subfield><subfield code="0">(RERO)A009979651</subfield><subfield code="2">rero</subfield></datafield><datafield ind1="2" ind2="7" tag="611"><subfield code="a">Convention sur la diversité biologique</subfield><subfield code="d">1993</subfield><subfield code="0">(RERO)A009968679</subfield><subfield code="2">rero</subfield></datafield><datafield ind1="0" ind2="7" tag="630"><subfield code="a">Konvention über die Erhaltung der europäischen wildlebenden Pflanzen und Tiere und ihrer natürlichen Lebensräume</subfield><subfield code="f">1979 September 19</subfield><subfield code="0">(DE-588)4517176-2</subfield><subfield code="2">gnd</subfield></datafield><datafield ind1=" " ind2="7" tag="650"><subfield code="a">Politique de l'environnement</subfield><subfield code="0">(IDREF)027224104</subfield><subfield code="2">idref</subfield></datafield><datafield ind1=" " ind2="7" tag="650"><subfield code="a">Coopération internationale</subfield><subfield code="0">(IDREF)027463710</subfield><subfield code="2">idref</subfield></datafield><datafield ind1=" " ind2="7" tag="650"><subfield code="a">Écologie animale</subfield><subfield code="0">(IDREF)027225100</subfield><subfield code="2">idref</subfield></datafield><datafield ind1=" " ind2="7" tag="650"><subfield code="a">Eaux usées</subfield><subfield code="x">Épuration</subfield><subfield code="0">(IDREF)027232565</subfield><subfield code="2">idref</subfield></datafield><datafield ind1=" " ind2="7" tag="650"><subfield code="a">Écologie du paysage</subfield><subfield code="0">(IDREF)031242456</subfield><subfield code="2">idref</subfield></datafield><datafield ind1=" " ind2="7" tag="650"><subfield code="a">Aménagement du territoire</subfield><subfield code="0">(IDREF)027257479</subfield><subfield code="2">idref</subfield></datafield><datafield ind1=" " ind2="7" tag="650"><subfield code="a">Exploitation forestière</subfield><subfield code="0">(IDREF)02726484X</subfield><subfield code="2">idref</subfield></datafield><datafield ind1=" " ind2="7" tag="650"><subfield code="a">Umweltschutz</subfield><subfield code="9">ger</subfield><subfield code="0">(RERO)jurivoc000023392ger</subfield><subfield code="2">jurivoc</subfield></datafield><datafield ind1=" " ind2="7" tag="650"><subfield code="a">Natur- und Heimatschutz</subfield><subfield code="9">ger</subfield><subfield code="0">(RERO)jurivoc000050512ger</subfield><subfield code="2">jurivoc</subfield></datafield><datafield ind1=" " ind2="7" tag="650"><subfield code="a">geschützte Pflanze</subfield><subfield code="9">ger</subfield><subfield code="0">(RERO)jurivoc000009820ger</subfield><subfield code="2">jurivoc</subfield></datafield><datafield ind1=" " ind2="7" tag="650"><subfield code="a">geschütztes Tier</subfield><subfield code="9">ger</subfield><subfield code="0">(RERO)jurivoc000009823ger</subfield><subfield code="2">jurivoc</subfield></datafield><datafield ind1=" " ind2="7" tag="650"><subfield code="a">Biotop</subfield><subfield code="9">ger</subfield><subfield code="0">(RERO)jurivoc000004307ger</subfield><subfield code="2">jurivoc</subfield></datafield><datafield ind1=" " ind2="7" tag="650"><subfield code="a">Biodiversität</subfield><subfield code="9">ger</subfield><subfield code="0">(RERO)jurivoc000004288ger</subfield><subfield code="2">jurivoc</subfield></datafield><datafield ind1=" " ind2="7" tag="650"><subfield code="a">Schongebiet</subfield><subfield code="9">ger</subfield><subfield code="0">(RERO)jurivoc000019658ger</subfield><subfield code="2">jurivoc</subfield></datafield><datafield ind1=" " ind2="7" tag="650"><subfield code="a">Rechtsvergleichung</subfield><subfield code="9">ger</subfield><subfield code="0">(RERO)jurivoc000018481ger</subfield><subfield code="2">jurivoc</subfield></datafield><datafield ind1=" " ind2="7" tag="650"><subfield code="a">international</subfield><subfield code="9">ger</subfield><subfield code="0">(RERO)jurivoc000011874ger</subfield><subfield code="2">jurivoc</subfield></datafield><datafield ind1=" " ind2="7" tag="650"><subfield code="a">Übereinkommen über die Erhaltung der Pflanzen und Tiere</subfield><subfield code="9">ger</subfield><subfield code="0">(RERO)jurivoc000022959ger</subfield><subfield code="2">jurivoc</subfield></datafield><datafield ind1=" " ind2="7" tag="650"><subfield code="a">Gemeinschaftsrecht</subfield><subfield code="9">ger</subfield><subfield code="0">(RERO)jurivoc000009467ger</subfield><subfield code="2">jurivoc</subfield></datafield><datafield ind1=" " ind2="7" tag="650"><subfield code="a">Richtlinie 2009/147/EG</subfield><subfield code="9">ger</subfield><subfield code="0">(RERO)jurivoc000050322ger</subfield><subfield code="2">jurivoc</subfield></datafield><datafield ind1=" " ind2="7" tag="650"><subfield code="a">Richtlinie 92/43/EWG</subfield><subfield code="9">ger</subfield><subfield code="0">(RERO)jurivoc000050325ger</subfield><subfield code="2">jurivoc</subfield></datafield><datafield ind1=" " ind2="7" tag="650"><subfield code="a">Sites naturels protégés</subfield><subfield code="0">(IDREF)032548540</subfield><subfield code="2">idref</subfield></datafield><datafield ind1=" " ind2="7" tag="650"><subfield code="a">NATURA 2000</subfield><subfield code="0">(DE-588)4605620-8</subfield><subfield code="2">gnd</subfield></datafield><datafield ind1=" " ind2="7" tag="650"><subfield code="a">Transformation</subfield><subfield code="0">(DE-588)4451062-7</subfield><subfield code="2">gnd</subfield></datafield><datafield ind1=" " ind2="7" tag="650"><subfield code="a">SCHWEIZ (MITTELEUROPA). SCHWEIZERISCHE EIDGENOSSENSCHAFT</subfield><subfield code="9">ger</subfield><subfield code="0">(ETHUDK)000004571</subfield><subfield code="2">ethudk</subfield></datafield><datafield ind1=" " ind2="7" tag="650"><subfield code="a">UMWELTSCHUTZRECHT</subfield><subfield code="9">ger</subfield><subfield code="0">(ETHUDK)000011614</subfield><subfield code="2">ethudk</subfield></datafield><datafield ind1=" " ind2="7" tag="650"><subfield code="a">Vernetzung</subfield><subfield code="0">(DE-588)4359141-3</subfield><subfield code="2">gnd</subfield></datafield><datafield ind1=" " ind2="7" tag="650"><subfield code="a">Naturschutzgebiet</subfield><subfield code="0">(DE-588)4041414-0</subfield><subfield code="2">gnd</subfield></datafield><datafield ind1=" " ind2="7" tag="650"><subfield code="a">Naturschutzplanung</subfield><subfield code="0">(DE-588)4382886-3</subfield><subfield code="2">gnd</subfield></datafield><datafield ind1=" " ind2="7" tag="650"><subfield code="a">Naturschutzrecht</subfield><subfield code="0">(DE-588)4120790-7</subfield><subfield code="2">gnd</subfield></datafield><datafield ind1=" " ind2="7" tag="651"><subfield code="a">Suisse</subfield><subfield code="0">(IDREF)027249654</subfield><subfield code="2">idref</subfield></datafield><datafield ind1=" " ind2="7" tag="651"><subfield code="a">Schweiz</subfield><subfield code="9">ger</subfield><subfield code="0">(RERO)jurivoc000019912ger</subfield><subfield code="2">jurivoc</subfield></datafield><datafield ind1=" " ind2="7" tag="651"><subfield code="a">Europa</subfield><subfield code="0">(DE-588)4015701-5</subfield><subfield code="2">gnd</subfield></datafield><datafield ind1=" " ind2="7" tag="651"><subfield code="a">Schweiz</subfield><subfield code="0">(DE-588)4053881-3</subfield><subfield code="2">gnd</subfield></datafield><datafield ind1=" " ind2="7" tag="655"><subfield code="a">Thèses et écrits académiques</subfield><subfield code="0">(IDREF)027253139</subfield><subfield code="2">idref</subfield></datafield><datafield ind1=" " ind2=" " tag="690"><subfield code="a">Naturschutzgebiet[100]; Gewässerschutz[93]; Bundesgesetz[34]; Ausscheidung[32]; Bewertung[32]; Netzwerk[31]; Artenschutz[29]; Schweiz[17]; Planung[16]; Software[16]; Völkerrecht[13]; Agrarrecht[12]; Erlass[12]; Raumordnungsrecht[12]; Umweltrecht[12]; Verbot[10]; Anforderung[9]; Exkurs[8]; Verzeichnis[8]; Verteilung[8]; Unternehmensziel</subfield><subfield code="2">idssg-J</subfield></datafield><datafield ind1=" " ind2=" " tag="690"><subfield code="a">Kompetenzverteilung; Anreizmaßnahme; Biodiversitätsstrategie; Erhaltungsmaßnahme; Habitatrichtlinie; Smaragdnetzwerk; Unionsrecht; Vogelschutzrichtlinie; Abkürzungsverzeichnis; Literaturverzeichnis; Materialienverzeichnis; Naturschutzgebietsnetz; Störungsverbot; 2000netzwerk; Bindungswirkung; Problemstellung; Rahmenbedingung; Rechtswirkung; Sachplan; Schutzregime; Unterschutzstellung; Bundesebene; Handlungsbedarf; Labelmodell; Planungspflicht; Regelungsrahmen; Schutzgebietskategorie</subfield><subfield code="2">idssg-J</subfield></datafield><datafield ind1=" " ind2=" " tag="690"><subfield code="a">geringe Bindungswirkung; neuer Regelungsrahmen; weitere Grundlage; besondere Berücksichtigung; bundesgesetzliche Grundlage; europarechtlicher Rahmen; europäisches Naturschutzgebietsnetz; finanzielle Anreizmaßnahme; freiwillige Planung; gesetzliche Schutzgebietskategorie; grundsätzliche Anforderung; institutionelle Bestimmung; neues Inventar; normatives Instrument; normative Verankerung; rechtliche Bindungswirkung; rechtliche Möglichkeit; schutzgebietsspezifische Maßnahme; spezifische Vorgabe; verbleibender Handlungsbedarf; vertragliches Modell; vorläufige Bewertung; völkerrechtliche Anforderung; völkerrechtliche Rahmenbedingung; weitere Variante; wildlebendes Säugetier; wildlebender Vogel; zusammenfassende Würdigung; übergreifender Regelungsrahmen</subfield><subfield code="2">idssg-J</subfield></datafield><datafield ind1=" " ind2=" " tag="690"><subfield code="a">Schweiz C4EXSI; China C9CHIN; Europa C4E</subfield><subfield code="2">idssg-J</subfield></datafield><datafield ind1=" " ind2=" " tag="690"><subfield code="a">Exkurs Strategie Biodiversität Schweiz; HUBURGENSß Schulthess; Markus KernStefan Diezig; Naturschutzgebietsnetz Astrid Epiney Markus KernStefan Diezig; Netzwerk Natura</subfield><subfield code="2">idssg-J</subfield></datafield><datafield ind1=" " ind2=" " tag="691"><subfield code="e">PC 59 CH</subfield><subfield code="2">rzs-L1</subfield></datafield><datafield ind1=" " ind2=" " tag="691"><subfield code="e">PF 59</subfield><subfield code="2">rzs-L1</subfield></datafield><datafield ind1="1" ind2=" " tag="700"><subfield code="a">Diezig, Stefan</subfield><subfield code="d">1986-</subfield><subfield code="0">(DE-588)1152401408</subfield><subfield code="6">880-02</subfield></datafield><datafield ind1="1" ind2=" " tag="880"><subfield code="6">700-02</subfield><subfield code="a">Diezig, Stefan</subfield><subfield code="d">1986-….</subfield><subfield code="0">(IDREF)243963610</subfield></datafield><datafield ind1="1" ind2=" " tag="700"><subfield code="a">Kern, Markus</subfield><subfield code="d">1978-</subfield><subfield code="0">(DE-588)1023300095</subfield><subfield code="6">880-03</subfield></datafield><datafield ind1="1" ind2=" " tag="880"><subfield code="6">700-03</subfield><subfield code="a">Kern, Markus</subfield><subfield code="d">1978-....</subfield><subfield code="0">(IDREF)256922063</subfield></datafield><datafield ind1="4" ind2=" " tag="856"><subfield code="3">Titelblatt und Inhaltsverzeichnis</subfield><subfield code="u">https://toc.library.ethz.ch/objects/pdf03/z01_978-3-7255-6828-4_01.pdf</subfield><subfield code="q">pdf</subfield></datafield><datafield ind1=" " ind2="0" tag="830"><subfield code="a">Forum Europarecht</subfield><subfield code="v">28</subfield><subfield code="w">(NEBIS)001787935EBI01</subfield></datafield><datafield ind1=" " ind2="0" tag="830"><subfield code="a">Forum Europarecht</subfield><subfield code="v">28</subfield><subfield code="w">(IDSBB)001414738DSV01</subfield></datafield><datafield ind1=" " ind2="0" tag="830"><subfield code="a">Forum Europarecht</subfield><subfield code="v">28</subfield><subfield code="w">(RERO)R218612360-41slsp</subfield></datafield><datafield ind1=" " ind2=" " tag="900"><subfield code="a">Stoppsignal FRED</subfield><subfield code="x">10.09.2019</subfield></datafield><datafield ind1=" " ind2=" " tag="900"><subfield code="a">IDSZ1ZH</subfield></datafield><datafield ind1=" " ind2=" " tag="900"><subfield code="a">IDSZ2rwimon201306i</subfield><subfield code="c">IDSZ2buche 130612</subfield><subfield code="d">IDSZ2rwiswk201310g</subfield><subfield code="e">IDSZ2basc</subfield></datafield><datafield ind1=" " ind2=" " tag="900"><subfield code="d">IDSZ2zbzswk201307b</subfield><subfield code="e">IDSZ2bruu</subfield></datafield><datafield ind1=" " ind2=" " tag="900"><subfield code="a">IDSE5E51ANH-2013</subfield></datafield><datafield ind1=" " ind2=" " tag="949"><subfield code="a">https://toc.library.ethz.ch/objects/pdf03/z01_978-3-7255-6828-4_01.pdf</subfield></datafield></record>
</metadata></record>