<record><header><identifier>oai:alma.41SLSP_UGE:991000000669705502</identifier><datestamp>2023-06-10T00:26:57Z</datestamp><setSpec>uge_bcen_RapidILL_BOOK</setSpec><setSpec>uge_aaca_RapidILL_BOOK</setSpec><setSpec>uge_abels_RapidILL_BOOK</setSpec><setSpec>uge_dbu_RapidILL_BOOK</setSpec><setSpec>uge_cmu_RapidILL_BOOK</setSpec><setSpec>uge_mail_RapidILL_BOOK</setSpec><setSpec>uge_abbat_RapidILL_BOOK</setSpec><setSpec>UNIGE_ALL</setSpec><setSpec>uge_acar_RapidILL_BOOK</setSpec><setSpec>uge_aobs_RapidILL_BOOK</setSpec></header><metadata>
<record xmlns="http://www.loc.gov/MARC21/slim" xmlns:xsi="http://www.w3.org/2001/XMLSchema-instance" xsi:schemaLocation="http://www.loc.gov/MARC21/slim http://www.loc.gov/standards/marcxml/schema/MARC21slim.xsd"><leader>03583nam a2200877 c 4500</leader><controlfield tag="001">991000000669705502</controlfield><controlfield tag="005">20230305091841.0</controlfield><controlfield tag="008">201011s1994    fr ||||| |||| 00| ||fre d</controlfield><datafield ind1=" " ind2=" " tag="020"><subfield code="a">2204048526</subfield></datafield><datafield ind1=" " ind2=" " tag="035"><subfield code="a">(swissbib)23111124X-41slsp_network</subfield></datafield><datafield ind1=" " ind2=" " tag="035"><subfield code="a">23111124X</subfield><subfield code="9">ExL</subfield></datafield><datafield ind1=" " ind2=" " tag="035"><subfield code="a">(RERO)1811699-41slsp</subfield></datafield><datafield ind1=" " ind2=" " tag="035"><subfield code="a">(IDSBB)000996707DSV01</subfield></datafield><datafield ind1=" " ind2=" " tag="035"><subfield code="a">(SBT)000262978SBT01</subfield></datafield><datafield ind1=" " ind2=" " tag="035"><subfield code="a">(NEBIS)001582756EBI01</subfield></datafield><datafield ind1=" " ind2=" " tag="035"><subfield code="a">(IDSLU)000152735ILU01</subfield></datafield><datafield ind1=" " ind2=" " tag="035"><subfield code="a">(EXLNZ-41SLSP_NETWORK)991094242529705501</subfield></datafield><datafield ind1=" " ind2=" " tag="040"><subfield code="a">RERO labcud</subfield><subfield code="d">CH-ZuSLS</subfield></datafield><datafield ind1="1" ind2=" " tag="041"><subfield code="a">fre</subfield><subfield code="a">grc</subfield><subfield code="h">grc</subfield></datafield><datafield ind1=" " ind2="7" tag="072"><subfield code="a">th</subfield><subfield code="2">SzZuIDS BS/BE</subfield></datafield><datafield ind1=" " ind2="7" tag="072"><subfield code="a">th</subfield><subfield code="2">rero</subfield></datafield><datafield ind1=" " ind2="7" tag="072"><subfield code="a">740</subfield><subfield code="2">IDS LU</subfield></datafield><datafield ind1="0" ind2="4" tag="082"><subfield code="a">231.209015</subfield><subfield code="2">20</subfield></datafield><datafield ind1="0" ind2="4" tag="082"><subfield code="a">273.4</subfield></datafield><datafield ind1="1" ind2="4" tag="082"><subfield code="a">231.2</subfield><subfield code="2">22</subfield></datafield><datafield ind1="1" ind2="4" tag="082"><subfield code="a">239.1</subfield><subfield code="2">22</subfield></datafield><datafield ind1="1" ind2="4" tag="082"><subfield code="a">231.1</subfield><subfield code="2">21</subfield></datafield><datafield ind1="1" ind2="4" tag="082"><subfield code="a">230</subfield></datafield><datafield ind1="1" ind2="4" tag="082"><subfield code="a">253.5</subfield></datafield><datafield ind1="1" ind2="4" tag="082"><subfield code="a">886.01</subfield></datafield><datafield ind1=" " ind2=" " tag="084"><subfield code="a">BN 1500</subfield><subfield code="2">rvk</subfield></datafield><datafield ind1=" " ind2=" " tag="084"><subfield code="a">BO 1160</subfield><subfield code="2">rvk</subfield></datafield><datafield ind1="0" ind2=" " tag="100"><subfield code="6">880-01</subfield><subfield code="a">Jean Chrysostome</subfield><subfield code="c">saint</subfield><subfield code="d">0347?-0407</subfield><subfield code="0">(IDREF)026938987</subfield><subfield code="4">cre</subfield></datafield><datafield ind1="0" ind2=" " tag="880"><subfield code="6">100-01</subfield><subfield code="a">Johannes</subfield><subfield code="c">Chrysostomus</subfield><subfield code="c">santo</subfield><subfield code="d">344-407</subfield><subfield code="0">(SBT11)000004573</subfield></datafield><datafield ind1="0" ind2=" " tag="880"><subfield code="a">Johannes</subfield><subfield code="c">Chrysostomus</subfield><subfield code="d">344-407</subfield><subfield code="0">(DE-588)118557831</subfield><subfield code="6">100-01</subfield></datafield><datafield ind1="1" ind2="0" tag="240"><subfield code="a">Contra Anonoeos</subfield></datafield><datafield ind1="1" ind2="0" tag="245"><subfield code="a">Sur l'égalité du Père et du Fils</subfield><subfield code="b">&quot;Contre les Anoméens&quot;, homélies VII-XII</subfield><subfield code="c">Jean Chrysostome ; introd., texte critique, trad. et notes par Anne-Marie Malingrey</subfield></datafield><datafield ind1=" " ind2="1" tag="264"><subfield code="a">Paris</subfield><subfield code="b">Ed. du Cerf</subfield><subfield code="c">1994</subfield></datafield><datafield ind1=" " ind2=" " tag="300"><subfield code="a">378 p.</subfield><subfield code="c">20 cm</subfield></datafield><datafield ind1=" " ind2=" " tag="336"><subfield code="b">txt</subfield><subfield code="2">rdacontent</subfield></datafield><datafield ind1=" " ind2=" " tag="337"><subfield code="b">n</subfield><subfield code="2">rdamedia</subfield></datafield><datafield ind1=" " ind2=" " tag="338"><subfield code="b">nc</subfield><subfield code="2">rdacarrier</subfield></datafield><datafield ind1="1" ind2=" " tag="490"><subfield code="a">Contre les Anoméens / Jean Chrysostome</subfield><subfield code="v">[t. 2]</subfield></datafield><datafield ind1="1" ind2=" " tag="490"><subfield code="a">Sources chrétiennes</subfield><subfield code="v">no 396</subfield></datafield><datafield ind1=" " ind2=" " tag="500"><subfield code="a">Introd.en français, texte grec avec traduction française en regard</subfield></datafield><datafield ind1=" " ind2=" " tag="500"><subfield code="a">Publ. avec le concours de Centre National de la Recherche Scientifique et du Centre National des Lettres</subfield></datafield><datafield ind1=" " ind2=" " tag="500"><subfield code="a">Text altgr. mit franz. Uebers., parallel angeordnet</subfield></datafield><datafield ind1=" " ind2=" " tag="500"><subfield code="a">Lat. Ziertitel: Contra Anonoeos</subfield></datafield><datafield ind1=" " ind2=" " tag="500"><subfield code="a">Enth. franz.-griech. Paralleltext</subfield></datafield><datafield ind1=" " ind2=" " tag="504"><subfield code="a">Literaturverz.</subfield></datafield><datafield ind1="0" ind2="7" tag="600"><subfield code="a">Jean</subfield><subfield code="c">(Chrysostome</subfield><subfield code="c">saint).</subfield><subfield code="t">Contre les Anoméens</subfield><subfield code="0">(RERO)A010000199</subfield><subfield code="2">rero</subfield></datafield><datafield ind1="0" ind2="7" tag="600"><subfield code="a">Jésus-Christ</subfield><subfield code="0">(IDREF)027325636</subfield><subfield code="2">idref</subfield></datafield><datafield ind1=" " ind2="7" tag="648"><subfield code="a">Geschichte 350-400</subfield><subfield code="2">gnd</subfield></datafield><datafield ind1=" " ind2="7" tag="650"><subfield code="a">4e siècle</subfield><subfield code="0">(IDREF)028018729</subfield><subfield code="2">idref</subfield></datafield><datafield ind1=" " ind2="7" tag="650"><subfield code="a">Débats et controverses</subfield><subfield code="0">(IDREF)027445275</subfield><subfield code="2">idref</subfield></datafield><datafield ind1=" " ind2="7" tag="650"><subfield code="a">Dieux</subfield><subfield code="0">(IDREF)027661377</subfield><subfield code="2">idref</subfield></datafield><datafield ind1=" " ind2="7" tag="650"><subfield code="a">Anhomöer</subfield><subfield code="2">idszbz</subfield></datafield><datafield ind1=" " ind2="7" tag="650"><subfield code="a">Griechisch</subfield><subfield code="2">idszbz</subfield></datafield><datafield ind1=" " ind2="7" tag="650"><subfield code="a">Homilie</subfield><subfield code="2">idszbz</subfield></datafield><datafield ind1=" " ind2="7" tag="650"><subfield code="a">Christologie</subfield><subfield code="0">(DE-588)4010141-1</subfield><subfield code="2">gnd</subfield></datafield><datafield ind1=" " ind2="7" tag="650"><subfield code="a">Gleichheit</subfield><subfield code="0">(DE-588)4021231-2</subfield><subfield code="2">gnd</subfield></datafield><datafield ind1=" " ind2="7" tag="650"><subfield code="a">Gott</subfield><subfield code="0">(DE-588)4021662-7</subfield><subfield code="2">gnd</subfield></datafield><datafield ind1=" " ind2="0" tag="650"><subfield code="a">God (Christianity)</subfield><subfield code="x">History of doctrines</subfield><subfield code="y">Early church, ca. 30-600</subfield></datafield><datafield ind1=" " ind2="0" tag="650"><subfield code="a">Son of God</subfield><subfield code="x">History of doctrines</subfield><subfield code="y">Early church, ca. 30-600</subfield></datafield><datafield ind1=" " ind2="7" tag="655"><subfield code="a">[document]</subfield><subfield code="2">rerovoc</subfield><subfield code="0">(RERO)A010182398</subfield></datafield><datafield ind1=" " ind2="7" tag="655"><subfield code="a">Ausgabe</subfield><subfield code="2">idszbz</subfield></datafield><datafield ind1=" " ind2="7" tag="655"><subfield code="a">Kritische Darstellung</subfield><subfield code="2">idszbz</subfield></datafield><datafield ind1=" " ind2=" " tag="690"><subfield code="a">Christentum : Theologie : Christologie : Predigt &lt;Homilie&gt; : Quelle</subfield><subfield code="2">uzb-UL</subfield></datafield><datafield ind1=" " ind2=" " tag="690"><subfield code="a">Arianismus : Anomoeer : Geschichte 386-387 : Quelle</subfield><subfield code="2">uzb-UL</subfield></datafield><datafield ind1=" " ind2=" " tag="691"><subfield code="e">270.1</subfield><subfield code="a">Storia della Chiesa. Periodo apostolico, fino al 325</subfield><subfield code="2">usi-TE</subfield></datafield><datafield ind1="1" ind2=" " tag="700"><subfield code="a">Malingrey, Anne-Marie</subfield><subfield code="d">1904-2002</subfield><subfield code="0">(IDREF)027004228</subfield></datafield><datafield ind1=" " ind2=" " tag="830"><subfield code="a">Sources chrétiennes</subfield><subfield code="v">396</subfield><subfield code="w">(IDSBB)000008537DSV01</subfield></datafield><datafield ind1=" " ind2=" " tag="830"><subfield code="a">Sources chrétiennes</subfield><subfield code="v">396</subfield><subfield code="w">(RERO)0004377-41slsp</subfield></datafield><datafield ind1="0" ind2=" " tag="800"><subfield code="a">Johannes</subfield><subfield code="c">Chrysostomus</subfield><subfield code="d">344-407</subfield><subfield code="t">Contra Anomoeos</subfield><subfield code="v">2</subfield><subfield code="w">(IDSBB)000352481DSV01</subfield></datafield><datafield ind1="0" ind2=" " tag="800"><subfield code="a">Johannes</subfield><subfield code="c">Chrysostomus, saint</subfield><subfield code="d">344-407</subfield><subfield code="t">Contre les Anoméens</subfield><subfield code="v">[ 2]</subfield><subfield code="w">(RERO)0390103-41slsp</subfield></datafield><datafield ind1=" " ind2=" " tag="830"><subfield code="a">Sources chrétiennes</subfield><subfield code="v">396</subfield><subfield code="w">(NEBIS)000987100EBI01</subfield></datafield><datafield ind1=" " ind2=" " tag="900"><subfield code="a">REROnoselfmerge</subfield></datafield></record>
</metadata></record>