<record><header><identifier>oai:alma.41SLSP_UGE:991000000789705502</identifier><datestamp>2023-03-01T01:08:51Z</datestamp><setSpec>uge_bcen_RapidILL_BOOK</setSpec><setSpec>uge_aaca_RapidILL_BOOK</setSpec><setSpec>uge_abels_RapidILL_BOOK</setSpec><setSpec>uge_dbu_RapidILL_BOOK</setSpec><setSpec>uge_cmu_RapidILL_BOOK</setSpec><setSpec>uge_mail_RapidILL_BOOK</setSpec><setSpec>UNIGE_ALL</setSpec><setSpec>uge_abbat_RapidILL_BOOK</setSpec><setSpec>uge_aobs_RapidILL_BOOK</setSpec><setSpec>uge_acar_RapidILL_BOOK</setSpec></header><metadata>
<record xmlns="http://www.loc.gov/MARC21/slim" xmlns:xsi="http://www.w3.org/2001/XMLSchema-instance" xsi:schemaLocation="http://www.loc.gov/MARC21/slim http://www.loc.gov/standards/marcxml/schema/MARC21slim.xsd"><leader>01987nam a22005652c 4500</leader><controlfield tag="001">991000000789705502</controlfield><controlfield tag="005">20201231135124.0</controlfield><controlfield tag="008">201012s1975    sp ||||| |||| 00| ||spa d</controlfield><datafield ind1=" " ind2=" " tag="020"><subfield code="a">8485137213</subfield></datafield><datafield ind1=" " ind2=" " tag="020"><subfield code="a">9788485137213</subfield></datafield><datafield ind1=" " ind2=" " tag="035"><subfield code="a">(swissbib)238083535-41slsp_network</subfield></datafield><datafield ind1=" " ind2=" " tag="035"><subfield code="a">238083535</subfield><subfield code="9">ExL</subfield></datafield><datafield ind1=" " ind2=" " tag="035"><subfield code="a">(RERO)R008173841-41slsp</subfield></datafield><datafield ind1=" " ind2=" " tag="035"><subfield code="a">(IDSBB)000798863DSV01</subfield></datafield><datafield ind1=" " ind2=" " tag="035"><subfield code="a">(NEBIS)003156398EBI01</subfield></datafield><datafield ind1=" " ind2=" " tag="035"><subfield code="a">(NEBIS)008865480EBI01</subfield></datafield><datafield ind1=" " ind2=" " tag="035"><subfield code="a">(EXLNZ-41SLSP_NETWORK)991159376869705501</subfield></datafield><datafield ind1=" " ind2=" " tag="040"><subfield code="a">DKDLA</subfield><subfield code="d">CH-ZuSLS</subfield></datafield><datafield ind1=" " ind2="7" tag="072"><subfield code="a">es</subfield><subfield code="2">rero</subfield></datafield><datafield ind1=" " ind2="7" tag="072"><subfield code="a">ir</subfield><subfield code="2">SzZuIDS BS/BE</subfield></datafield><datafield ind1="0" ind2="4" tag="082"><subfield code="a">863.5</subfield><subfield code="b">P162c</subfield><subfield code="2">21 ed</subfield></datafield><datafield ind1="0" ind2="4" tag="082"><subfield code="a">[860]</subfield></datafield><datafield ind1="0" ind2="4" tag="082"><subfield code="a">866.5</subfield><subfield code="b">P226p</subfield></datafield><datafield ind1="0" ind2="4" tag="082"><subfield code="a">866.5 UKD</subfield></datafield><datafield ind1="1" ind2="4" tag="082"><subfield code="a">863.5</subfield><subfield code="2">21</subfield></datafield><datafield ind1=" " ind2=" " tag="084"><subfield code="a">IO 9749</subfield><subfield code="2">rvk</subfield></datafield><datafield ind1="1" ind2=" " tag="100"><subfield code="a">Pardo Bazán, Emilia</subfield><subfield code="d">1851-1921</subfield><subfield code="0">(DE-588)118641476</subfield><subfield code="6">880-01</subfield></datafield><datafield ind1="1" ind2=" " tag="880"><subfield code="6">100-01</subfield><subfield code="a">Pardo Bazán, Emilia</subfield><subfield code="d">1851-1921</subfield><subfield code="0">(IDREF)028726200</subfield><subfield code="4">cre</subfield></datafield><datafield ind1="1" ind2="0" tag="245"><subfield code="a">Cartas a Benito Pérez Galdós (1889-1890)</subfield><subfield code="c">prólogo y edición, Carmen Bravo Villasante</subfield></datafield><datafield ind1="1" ind2=" " tag="246"><subfield code="a">Cartas a Galdós</subfield></datafield><datafield ind1=" " ind2="1" tag="264"><subfield code="a">Madrid</subfield><subfield code="b">Ed. Turner</subfield><subfield code="c">[1975?]</subfield></datafield><datafield ind1=" " ind2=" " tag="300"><subfield code="a">125 s.</subfield><subfield code="b">ill., portr.</subfield></datafield><datafield ind1=" " ind2=" " tag="336"><subfield code="b">txt</subfield><subfield code="2">rdacontent</subfield></datafield><datafield ind1=" " ind2=" " tag="337"><subfield code="b">n</subfield><subfield code="2">rdamedia</subfield></datafield><datafield ind1=" " ind2=" " tag="338"><subfield code="b">nc</subfield><subfield code="2">rdacarrier</subfield></datafield><datafield ind1="1" ind2=" " tag="490"><subfield code="a">Ediciones Turner</subfield><subfield code="v">21</subfield></datafield><datafield ind1=" " ind2=" " tag="500"><subfield code="a">La couv. porte le titre : Cartas a Galdós</subfield></datafield><datafield ind1="1" ind2="0" tag="600"><subfield code="a">Pardo Bazán, Emilia</subfield><subfield code="c">condesa de</subfield><subfield code="d">1852-1921</subfield><subfield code="v">Correspondence</subfield></datafield><datafield ind1="1" ind2="0" tag="600"><subfield code="a">Pardo Bazán, Emilia</subfield><subfield code="c">condesa de</subfield><subfield code="d">1852-1921</subfield><subfield code="x">Correspondence</subfield></datafield><datafield ind1="1" ind2="0" tag="600"><subfield code="a">Pérez Galdós, Benito</subfield><subfield code="d">1843-1920</subfield><subfield code="v">Correspondence</subfield></datafield><datafield ind1="1" ind2="0" tag="600"><subfield code="a">Pérez Galdós, Benito</subfield><subfield code="d">1843-1920</subfield><subfield code="x">Correspondence</subfield></datafield><datafield ind1=" " ind2="0" tag="650"><subfield code="a">Perez Galdos, Benito</subfield></datafield><datafield ind1=" " ind2="7" tag="655"><subfield code="a">Briefsammlung</subfield><subfield code="2">gnd-content</subfield></datafield><datafield ind1=" " ind2=" " tag="690"><subfield code="a">Pérez Galdos, Benito : Briefwechsel</subfield><subfield code="2">uzb-VH</subfield></datafield><datafield ind1="1" ind2=" " tag="700"><subfield code="a">Bravo-Villasante, Carmen</subfield><subfield code="d">1918-1994</subfield><subfield code="0">(RERO)A005612156</subfield></datafield><datafield ind1=" " ind2=" " tag="830"><subfield code="a">Ediciones Turner</subfield><subfield code="v">21</subfield><subfield code="w">(RERO)0917929-41slsp</subfield></datafield><datafield ind1=" " ind2=" " tag="900"><subfield code="a">REROnoselfmerge</subfield></datafield><datafield ind1=" " ind2=" " tag="900"><subfield code="a">IDSZRMedeaZBZ</subfield><subfield code="b">IDSZRSWK</subfield></datafield><datafield ind1=" " ind2=" " tag="900"><subfield code="a">IDSZRMedeaZBZ</subfield><subfield code="c">IDSZRhilb</subfield></datafield><datafield ind1=" " ind2=" " tag="900"><subfield code="f">IDSU2medea</subfield></datafield><datafield ind1=" " ind2=" " tag="910"><subfield code="a">OCoLC</subfield><subfield code="b">20150616</subfield><subfield code="c">Droits réservés</subfield></datafield></record>
</metadata></record>