<record><header><identifier>oai:alma.41SLSP_UGE:991000000889705502</identifier><datestamp>2023-11-25T02:26:15Z</datestamp><setSpec>uge_bcen_RapidILL_BOOK</setSpec><setSpec>uge_aaca_RapidILL_BOOK</setSpec><setSpec>uge_abels_RapidILL_BOOK</setSpec><setSpec>uge_dbu_RapidILL_BOOK</setSpec><setSpec>uge_cmu_RapidILL_BOOK</setSpec><setSpec>uge_mail_RapidILL_BOOK</setSpec><setSpec>uge_abbat_RapidILL_BOOK</setSpec><setSpec>UNIGE_ALL</setSpec><setSpec>uge_acar_RapidILL_BOOK</setSpec><setSpec>uge_aobs_RapidILL_BOOK</setSpec></header><metadata>
<record xmlns="http://www.loc.gov/MARC21/slim" xmlns:xsi="http://www.w3.org/2001/XMLSchema-instance" xsi:schemaLocation="http://www.loc.gov/MARC21/slim http://www.loc.gov/standards/marcxml/schema/MARC21slim.xsd"><leader>02166naa a2200445 c 4500</leader><controlfield tag="001">991000000889705502</controlfield><controlfield tag="005">20230630213305.0</controlfield><controlfield tag="008">030929s2002    sz ||||| |||| 00| ||ger d</controlfield><datafield ind1=" " ind2=" " tag="035"><subfield code="a">(swissbib)099361566-41slsp_network</subfield></datafield><datafield ind1=" " ind2=" " tag="035"><subfield code="a">099361566</subfield><subfield code="9">ExL</subfield></datafield><datafield ind1=" " ind2=" " tag="035"><subfield code="a">(RERO)R003414138-41slsp</subfield></datafield><datafield ind1=" " ind2=" " tag="035"><subfield code="a">(ALEX)bv080241660</subfield></datafield><datafield ind1=" " ind2=" " tag="035"><subfield code="a">(EXLNZ-41SLSP_NETWORK)991133148759705501</subfield></datafield><datafield ind1=" " ind2=" " tag="040"><subfield code="a">RERO neubfd</subfield><subfield code="d">CH-ZuSLS</subfield></datafield><datafield ind1=" " ind2=" " tag="044"><subfield code="a">sz</subfield><subfield code="c">ch-sz</subfield></datafield><datafield ind1=" " ind2="7" tag="072"><subfield code="a">dr</subfield><subfield code="2">rero</subfield></datafield><datafield ind1=" " ind2=" " tag="084"><subfield code="a">CA/CH 40 i</subfield><subfield code="2">cjurrom</subfield></datafield><datafield ind1=" " ind2=" " tag="084"><subfield code="a">CA/CH 37 i</subfield><subfield code="2">cjurrom</subfield></datafield><datafield ind1="1" ind2=" " tag="100"><subfield code="a">Haldemann, Frank</subfield><subfield code="0">(IDREF)069559651</subfield><subfield code="4">cre</subfield></datafield><datafield ind1="1" ind2="0" tag="245"><subfield code="a">Geschichte vor Gericht</subfield><subfield code="b">der Fall Spring : Hintergründe und Analyse des Bundesgerichtsentscheids vom 21. Januar 2000 i.S. J. Spring gegen Schweizerische Eidgenossenschaft</subfield><subfield code="c">Frank Haldemann</subfield></datafield><datafield ind1=" " ind2=" " tag="336"><subfield code="b">txt</subfield><subfield code="2">rdacontent</subfield></datafield><datafield ind1=" " ind2=" " tag="337"><subfield code="b">n</subfield><subfield code="2">rdamedia</subfield></datafield><datafield ind1=" " ind2=" " tag="338"><subfield code="b">nc</subfield><subfield code="2">rdacarrier</subfield></datafield><datafield ind1=" " ind2=" " tag="580"><subfield code="a">In: AJP. - Lachen. - 2002, H. 8, S. 875-882</subfield></datafield><datafield ind1=" " ind2="7" tag="650"><subfield code="a">Staatshaftung</subfield><subfield code="9">ger</subfield><subfield code="0">(RERO)jurivoc000021168ger</subfield><subfield code="2">jurivoc</subfield></datafield><datafield ind1=" " ind2="7" tag="650"><subfield code="a">Eidgenossenschaft</subfield><subfield code="9">ger</subfield><subfield code="0">(RERO)jurivoc000006202ger</subfield><subfield code="2">jurivoc</subfield></datafield><datafield ind1=" " ind2="7" tag="650"><subfield code="a">Schadenersatz</subfield><subfield code="9">ger</subfield><subfield code="0">(RERO)jurivoc000019411ger</subfield><subfield code="2">jurivoc</subfield></datafield><datafield ind1=" " ind2="7" tag="650"><subfield code="a">Genugtuung</subfield><subfield code="9">ger</subfield><subfield code="0">(RERO)jurivoc000009567ger</subfield><subfield code="2">jurivoc</subfield></datafield><datafield ind1=" " ind2="7" tag="650"><subfield code="a">Wegweisung(Ausländerrecht)</subfield><subfield code="9">ger</subfield><subfield code="0">(RERO)jurivoc000026258ger</subfield><subfield code="2">jurivoc</subfield></datafield><datafield ind1=" " ind2="7" tag="650"><subfield code="a">Flüchtling</subfield><subfield code="9">ger</subfield><subfield code="0">(RERO)jurivoc000008476ger</subfield><subfield code="2">jurivoc</subfield></datafield><datafield ind1=" " ind2="7" tag="650"><subfield code="a">zweiter Weltkrieg</subfield><subfield code="9">ger</subfield><subfield code="0">(RERO)jurivoc000027533ger</subfield><subfield code="2">jurivoc</subfield></datafield><datafield ind1=" " ind2="7" tag="650"><subfield code="a">Asylpolitik</subfield><subfield code="9">ger</subfield><subfield code="0">(RERO)jurivoc000001900ger</subfield><subfield code="2">jurivoc</subfield></datafield><datafield ind1=" " ind2="7" tag="650"><subfield code="a">Widerrechtlichkeit</subfield><subfield code="9">ger</subfield><subfield code="0">(RERO)jurivoc000026482ger</subfield><subfield code="2">jurivoc</subfield></datafield><datafield ind1=" " ind2="7" tag="650"><subfield code="a">Verjährung</subfield><subfield code="9">ger</subfield><subfield code="0">(RERO)jurivoc000024561ger</subfield><subfield code="2">jurivoc</subfield></datafield><datafield ind1=" " ind2="7" tag="650"><subfield code="a">Verwirkung</subfield><subfield code="9">ger</subfield><subfield code="0">(RERO)jurivoc000025446ger</subfield><subfield code="2">jurivoc</subfield></datafield><datafield ind1=" " ind2="7" tag="650"><subfield code="a">Gerichts- und Verwaltungspraxis</subfield><subfield code="9">ger</subfield><subfield code="0">(RERO)jurivoc000009624ger</subfield><subfield code="2">jurivoc</subfield></datafield><datafield ind1=" " ind2="7" tag="650"><subfield code="a">richterliche Behörde</subfield><subfield code="9">ger</subfield><subfield code="0">(RERO)jurivoc000018932ger</subfield><subfield code="2">jurivoc</subfield></datafield><datafield ind1=" " ind2="7" tag="650"><subfield code="a">oberstes Gericht</subfield><subfield code="9">ger</subfield><subfield code="0">(RERO)jurivoc000016213ger</subfield><subfield code="2">jurivoc</subfield></datafield><datafield ind1=" " ind2="7" tag="650"><subfield code="a">Bundesgericht</subfield><subfield code="9">ger</subfield><subfield code="0">(RERO)jurivoc000004684ger</subfield><subfield code="2">jurivoc</subfield></datafield><datafield ind1=" " ind2="7" tag="651"><subfield code="a">Schweiz</subfield><subfield code="9">ger</subfield><subfield code="0">(RERO)jurivoc000019912ger</subfield><subfield code="2">jurivoc</subfield></datafield><datafield ind1=" " ind2="7" tag="655"><subfield code="a">Kommentar(Bemerkung)</subfield><subfield code="9">ger</subfield><subfield code="2">jurivoc</subfield><subfield code="0">(RERO)jurivoc000013037ger</subfield></datafield><datafield ind1="0" ind2=" " tag="773"><subfield code="t">AJP : Aktuelle juristische Praxis</subfield><subfield code="g">2002/875</subfield><subfield code="g">yr:2002</subfield></datafield></record>
</metadata></record>