<record><header><identifier>oai:alma.41SLSP_UGE:991000000019705502</identifier><datestamp>2024-05-03T02:45:04Z</datestamp><setSpec>UNIGE_ALL</setSpec></header><metadata>
<record xmlns="http://www.loc.gov/MARC21/slim" xmlns:xsi="http://www.w3.org/2001/XMLSchema-instance" xsi:schemaLocation="http://www.loc.gov/MARC21/slim http://www.loc.gov/standards/marcxml/schema/MARC21slim.xsd"><leader>02561njm a2200565 ca4500</leader><controlfield tag="001">991000000019705502</controlfield><controlfield tag="005">20240322112049.0</controlfield><controlfield tag="007">sd f||g|||||||</controlfield><controlfield tag="008">201011t20132013fr ||n||            fre d</controlfield><datafield ind1="0" ind2="2" tag="028"><subfield code="a">Harmonia mundi HMX 2908658</subfield></datafield><datafield ind1="0" ind2="2" tag="028"><subfield code="a">Harmonia mundi</subfield></datafield><datafield ind1=" " ind2=" " tag="035"><subfield code="a">(swissbib)216822602-41slsp_network</subfield></datafield><datafield ind1=" " ind2=" " tag="035"><subfield code="a">216822602</subfield><subfield code="9">ExL</subfield></datafield><datafield ind1=" " ind2=" " tag="035"><subfield code="a">(RERO)R007586895-41slsp</subfield></datafield><datafield ind1=" " ind2=" " tag="035"><subfield code="a">(IDSBB)006220043DSV01</subfield></datafield><datafield ind1=" " ind2=" " tag="035"><subfield code="a">(EXLNZ-41SLSP_NETWORK)991030787359705501</subfield></datafield><datafield ind1=" " ind2=" " tag="040"><subfield code="a">RERO geulmu</subfield><subfield code="d">CH-ZuSLS</subfield></datafield><datafield ind1=" " ind2="7" tag="072"><subfield code="a">mu</subfield><subfield code="2">rero</subfield></datafield><datafield ind1=" " ind2="7" tag="072"><subfield code="a">mu</subfield><subfield code="2">SzZuIDS BS/BE</subfield></datafield><datafield ind1="1" ind2="4" tag="082"><subfield code="a">780</subfield><subfield code="2">15</subfield></datafield><datafield ind1="1" ind2=" " tag="100"><subfield code="a">Campra, André</subfield><subfield code="d">1660-1744</subfield><subfield code="0">(DE-588)118668188</subfield><subfield code="6">880-01</subfield></datafield><datafield ind1="1" ind2=" " tag="880"><subfield code="6">100-01</subfield><subfield code="a">Campra, André</subfield><subfield code="d">1660-1744</subfield><subfield code="0">(IDREF)032313306</subfield><subfield code="4">cre</subfield></datafield><datafield ind1="1" ind2="0" tag="240"><subfield code="a">Idoménée</subfield></datafield><datafield ind1="1" ind2="0" tag="245"><subfield code="a">Idoménée</subfield><subfield code="c">Campra</subfield></datafield><datafield ind1=" " ind2="1" tag="264"><subfield code="a">Arles</subfield><subfield code="b">Harmonia mundi</subfield><subfield code="c">[2013]</subfield></datafield><datafield ind1=" " ind2="4" tag="264"><subfield code="c">© 2013</subfield></datafield><datafield ind1=" " ind2=" " tag="300"><subfield code="a">3 Compact Discs</subfield><subfield code="e">-</subfield></datafield><datafield ind1=" " ind2=" " tag="336"><subfield code="b">prm</subfield><subfield code="2">rdacontent</subfield></datafield><datafield ind1=" " ind2=" " tag="337"><subfield code="b">s</subfield><subfield code="2">rdamedia</subfield></datafield><datafield ind1=" " ind2=" " tag="338"><subfield code="b">sd</subfield><subfield code="2">rdacarrier</subfield></datafield><datafield ind1=" " ind2=" " tag="382"><subfield code="a">Singstimme</subfield><subfield code="n">mehrere</subfield><subfield code="a">Gemischter Chor</subfield><subfield code="n">1</subfield><subfield code="a">Orchester</subfield><subfield code="n">1</subfield><subfield code="2">idsmusi</subfield></datafield><datafield ind1="1" ind2=" " tag="490"><subfield code="a">Opéra baroque</subfield><subfield code="v">9</subfield></datafield><datafield ind1="0" ind2=" " tag="511"><subfield code="a">Christie, William (direction) ; Deletré, Bernard (basse, Idoménée) ; Zanetti, Monique (soprano, Ilione) ; Piau, Sandrine (soprano, Electre) ; Fouchecourt, Jean-Paul (ténor, Idamante) ; Les Arts Florissants</subfield></datafield><datafield ind1="1" ind2=" " tag="511"><subfield code="a">Sandrine Piau, Monique Zanetti, Marie Boyer, Mary Saint-Palais, Anne Pichard, Anne Mopin (S); Jean-Paul Fochécourt, Richard Dugay (T) ; Jérôme Corréas (Bar) ; Bernard Deletré, Jean-Claude Saragosse (B) ; Les Arts florissants ; William Christie (Dir)</subfield></datafield><datafield ind1=" " ind2="7" tag="655"><subfield code="a">Tragédie lyrique</subfield><subfield code="y">18. Jh.</subfield><subfield code="2">idsmusg</subfield></datafield><datafield ind1=" " ind2="7" tag="655"><subfield code="a">CD</subfield><subfield code="2">gnd-carrier</subfield></datafield><datafield ind1=" " ind2=" " tag="690"><subfield code="a">Tragédie lyrique</subfield><subfield code="q">Singstimme (mehrere), Chor, Orchester</subfield><subfield code="t">18. Jh.</subfield><subfield code="v">Ton</subfield><subfield code="2">ids-music</subfield></datafield><datafield ind1="1" ind2=" " tag="700"><subfield code="a">Boyer, Marie</subfield></datafield><datafield ind1="1" ind2=" " tag="700"><subfield code="a">Saint-Palais, Mary</subfield></datafield><datafield ind1="1" ind2=" " tag="700"><subfield code="a">Deletré, Bernard</subfield><subfield code="d">19..-....</subfield><subfield code="0">(IDREF)081003048</subfield></datafield><datafield ind1="1" ind2=" " tag="700"><subfield code="a">Fouchécourt, Jean-Paul</subfield><subfield code="d">1958-....</subfield><subfield code="0">(IDREF)087885867</subfield></datafield><datafield ind1="1" ind2=" " tag="700"><subfield code="a">Christie, William</subfield><subfield code="d">1944-</subfield><subfield code="0">(DE-588)12337507X</subfield><subfield code="6">880-04</subfield></datafield><datafield ind1="1" ind2=" " tag="880"><subfield code="6">700-04</subfield><subfield code="a">Christie, William</subfield><subfield code="c">chef d'orchestre</subfield><subfield code="d">1944-....</subfield><subfield code="0">(IDREF)029787815</subfield></datafield><datafield ind1="1" ind2=" " tag="700"><subfield code="a">Zanetti, Monique</subfield><subfield code="d">19..-....</subfield><subfield code="0">(IDREF)084272295</subfield></datafield><datafield ind1="1" ind2=" " tag="700"><subfield code="a">Piau, Sandrine</subfield><subfield code="d">1965-</subfield><subfield code="0">(DE-588)123639182</subfield><subfield code="6">880-06</subfield></datafield><datafield ind1="1" ind2=" " tag="880"><subfield code="6">700-06</subfield><subfield code="a">Piau, Sandrine</subfield><subfield code="d">1965-....</subfield><subfield code="0">(IDREF)087889102</subfield></datafield><datafield ind1="2" ind2=" " tag="710"><subfield code="a">&lt;&lt;Les&gt;&gt; Arts florissants</subfield><subfield code="g">Musikgruppe</subfield><subfield code="0">(DE-588)5043653-3</subfield></datafield><datafield ind1="2" ind2=" " tag="710"><subfield code="a">&lt;&lt;Les &gt;&gt;Arts florissants</subfield><subfield code="0">(IDREF)050513559</subfield></datafield><datafield ind1=" " ind2=" " tag="830"><subfield code="a">Opéra baroque</subfield><subfield code="v">9</subfield><subfield code="w">(IDSBB)006219497DSV01</subfield></datafield><datafield ind1=" " ind2=" " tag="830"><subfield code="a">Opéra baroque</subfield><subfield code="v">9</subfield><subfield code="w">(RERO)R007608204-41slsp</subfield></datafield><datafield ind1=" " ind2=" " tag="900"><subfield code="a">REROnoselfmerge</subfield></datafield></record>
</metadata></record>