<record><header><identifier>oai:alma.41SLSP_UGE:991000000989705502</identifier><datestamp>2023-03-01T01:08:51Z</datestamp><setSpec>uge_bcen_RapidILL_BOOK</setSpec><setSpec>uge_aaca_RapidILL_BOOK</setSpec><setSpec>uge_abels_RapidILL_BOOK</setSpec><setSpec>uge_dbu_RapidILL_BOOK</setSpec><setSpec>uge_cmu_RapidILL_BOOK</setSpec><setSpec>uge_mail_RapidILL_BOOK</setSpec><setSpec>UNIGE_ALL</setSpec><setSpec>uge_abbat_RapidILL_BOOK</setSpec><setSpec>uge_aobs_RapidILL_BOOK</setSpec><setSpec>uge_acar_RapidILL_BOOK</setSpec></header><metadata>
<record xmlns="http://www.loc.gov/MARC21/slim" xmlns:xsi="http://www.w3.org/2001/XMLSchema-instance" xsi:schemaLocation="http://www.loc.gov/MARC21/slim http://www.loc.gov/standards/marcxml/schema/MARC21slim.xsd"><leader>01288nam a2200289 c 4500</leader><controlfield tag="001">991000000989705502</controlfield><controlfield tag="005">20230117180711.0</controlfield><controlfield tag="008">880705s1988    gw ||||| |||| 10| ||ger d</controlfield><datafield ind1=" " ind2=" " tag="035"><subfield code="a">(swissbib)082888833-41slsp_network</subfield></datafield><datafield ind1=" " ind2=" " tag="035"><subfield code="a">082888833</subfield><subfield code="9">ExL</subfield></datafield><datafield ind1=" " ind2=" " tag="035"><subfield code="a">(RERO)0994705-41slsp</subfield></datafield><datafield ind1=" " ind2=" " tag="035"><subfield code="a">(EXLNZ-41SLSP_NETWORK)991066094549705501</subfield></datafield><datafield ind1=" " ind2=" " tag="040"><subfield code="a">RERO gevbaa</subfield><subfield code="d">CH-ZuSLS</subfield></datafield><datafield ind1=" " ind2="7" tag="072"><subfield code="a">ba</subfield><subfield code="2">rero</subfield></datafield><datafield ind1="0" ind2="0" tag="245"><subfield code="a">Prag</subfield><subfield code="b">Nationalgalerie Prag : die Geschichte einer Sammlung : von der Gothik bis zur klassischen Moderne : Ingelheim am Rhein, [Museum-Altes Rathaus], 1. Mai bis 14. Juni 1988</subfield></datafield><datafield ind1=" " ind2="1" tag="264"><subfield code="a">Ingelheim am Rhein</subfield><subfield code="b">Internationale Tage</subfield><subfield code="c">[1988?]</subfield></datafield><datafield ind1=" " ind2=" " tag="300"><subfield code="a">195 p.</subfield><subfield code="b">en grande partie des ill. en noir et en coul.</subfield><subfield code="c">27 cm</subfield></datafield><datafield ind1=" " ind2=" " tag="336"><subfield code="b">txt</subfield><subfield code="2">rdacontent</subfield></datafield><datafield ind1=" " ind2=" " tag="337"><subfield code="b">n</subfield><subfield code="2">rdamedia</subfield></datafield><datafield ind1=" " ind2=" " tag="338"><subfield code="b">nc</subfield><subfield code="2">rdacarrier</subfield></datafield><datafield ind1=" " ind2=" " tag="500"><subfield code="a">Exposition. Ingelheim am Rhein. Museum-Altes-Rathaus. 1988</subfield></datafield><datafield ind1="2" ind2="7" tag="610"><subfield code="a">Národní galerie</subfield><subfield code="g">Prague, République Tchèque</subfield><subfield code="0">(IDREF)026549980</subfield><subfield code="2">idref</subfield></datafield><datafield ind1=" " ind2="7" tag="650"><subfield code="a">15e siècle-20e siècle (1re moitié)</subfield><subfield code="0">(RERO)A025232026</subfield><subfield code="2">rero</subfield></datafield><datafield ind1=" " ind2="7" tag="650"><subfield code="a">Art tchécoslovaque</subfield><subfield code="0">(RERO)A024478972</subfield><subfield code="2">rero</subfield></datafield><datafield ind1=" " ind2="7" tag="655"><subfield code="a">Catalogues d'exposition</subfield><subfield code="0">(IDREF)027320456</subfield><subfield code="2">idref</subfield></datafield><datafield ind1="2" ind2=" " tag="710"><subfield code="a">Národni Galerie (Praha)</subfield><subfield code="0">(RERO)A000185668</subfield></datafield><datafield ind1="2" ind2=" " tag="711"><subfield code="a">Internationale Tage Ingelheim am Rhein</subfield><subfield code="n">31</subfield><subfield code="d">1988</subfield><subfield code="0">(RERO)A012500821</subfield></datafield><datafield ind1=" " ind2=" " tag="900"><subfield code="a">REROnoselfmerge</subfield></datafield><datafield ind1=" " ind2=" " tag="993"><subfield code="a">BFLB 4753</subfield><subfield code="x">ge/ulha/a/88/461</subfield><subfield code="9">LOCAL</subfield></datafield></record>
</metadata></record>